2618 3652
596 263 783 356 cssY·
838 296 905 356 N
977 295 1054 354 To
1103 293 1163 353 H
1227 291 1485 350 ·1>A‘.z

1559 293 1765 355 Lrn.
1837 298 1880 354 1.
2206 316 2282 368 99

277 485 290 489 ,
321 446 370 502 5.
413 428 550 487 Non
590 444 677 483 me
720 425 994 483 Chaoniae
1036 422 1263 477 vincant
1304 421 1364 475 in
1404 436 1584 477 amore
1621 424 1903 479 columbae

486 505 717 566 Dicere,
760 517 893 570 quos
934 499 1161 569 juvenes
1206 514 1448 566 quaeque
1490 498 1670 569 puella
1711 499 1914 555 domet.

359 628 362 631 ,
412 581 513 640 Me
541 576 694 633 dolor
735 576 1064 654 &lacrimae
1094 574 1289 630 merito
1329 572 1511 629 fecere
1551 574 1816 647 peritum:

196 806 237 846 in
256 809 387 855 quarto
406 810 528 844 autem
548 802 751 852 Vomano,

294 874 385 915 Ecce
408 877 478 915 tibi
494 877 639 926 quaevis
658 878 807 925 imperat
829 881 921 914 emta
941 872 1052 914 modo.

156 944 161 948 ”
192 956 292 998 unde
323 958 464 1009 optima
484 958 744 1010 {repetitione,
778 957 812 997 ἀ
837 955 1038 1008 Propertio
1056 952 1222 1007 praeser-

193 1011 260 1050 tim
287 1018 427 1058 amata,
454 1010 529 1061 legi
550 1010 688 1061 postet,

243 1092 336 1133 Ecce
350 1093 470 1142 jaces,
492 1091 712 1145 supplexque
735 1092 833 1131 venis
860 1091 906 1129 ad
917 1090 1012 1142 jura
1032 1090 1194 1139 puellae:

297 1144 388 1184 Ecce
409 1146 479 1183 tibi
500 1147 628 1195 quovis
645 1146 793 1193 imperat
818 1150 910 1182 emta
932 1142 1040 1180 modo.

196 1221 308 1272 idque
343 1222 578 1272 elegantius,
606 1223 691 1272 quia
713 1223 780 1272 ipsi
807 1222 846 1259 in
872 1223 1090 1260 memoriam
1113 1231 1221 1258 revo-

196 1279 258 1315 'cat
289 1271 478 1322 indignum
499 1283 663 1311 amorem
684 1272 831 1320 puellae
861 1270 910 1308 de
928 1271 1059 1308 catasta
1081 1278 1221 1316 emtae,

198 1326 264 1366 seu
280 1325 444 1363 ancillae.
471 1323 548 1361 illic
563 1322 663 1360 enim
684 1321 865 1370 mancipia
883 1320 1027 1358 servilia
1047 1319 1222 1359 emeban-

200 1384 273 1416 tur.
301 1375 385 1423 vid„
407 1373 562 1414 Casaub.
592 1372 638 1410 ad
666 1371 764 1411 Pers.
798 1373 873 1411 Sat.
897 1372 967 1410 Vl.
997 1383 1036 1420 p.
1071 1381 1156 1420 513.
1189 1369 1225 1408 &

197 1427 271 1478 seq.
297 1426 395 1466 unde
418 1424 516 1476 apud
544 1423 686 1464 Tibull.
708 1422 794 1462 Lib.
820 1424 871 1463 11.
895 1421 955 1462 El.
977 1426 1016 1462 6.
1042 1422 1080 1459 in
1105 1421 1199 1466 fine,

249 1510 351 1550 Nota
367 1510 505 1558 loquor,
518 1505 690 1556 regnum}
709 1499 1097 1553 serenet,quemfhepe
1106 1500 1227 1551 coligit

263 1601 266 1607 ,
302 1561 464 1599 Barbara
482 1553 650 1609 gypsatos
698 1564 772 1592 erre
795 1550 929 1603 catasta
950 1553 1064 1602 pedes.

198 1647 293 1688 quos
316 1635 444 1675 versus
469 1633 566 1675 male
597 1631 662 1673 sub
692 1631 882 1682 Propertii
917 1631 1070 1671 nomine
1107 1628 1228 1670 adfert

204 1688 399 1730 Claverius
428 1683 474 1724 ad
497 1683 685 1724 Claudian.
725 1686 758 1723 1.
794 1684 833 1722 in
856 1684 1015 1733 Eutrop.
1040 1694 1078 1720 v,
1099 1686 1160 1724 28.
1182 1693 1226 1720 ea

201 1741 252 1780 de
290 1750 333 1779 re
369 1735 620 1778 emendandus
658 1735 944 1774 intranscursu
969 1734 1024 1773 est
1058 1735 1225 1774 Senecae

201 1790 307 1833 locus
325 1789 373 1829 de
392 1789 518 1828 Const.
542 1788 628 1837 Sap.
649 1798 728 1838 cap.
743 1797 833 1826 xm.
857 1786 921 1824 ubi
946 1787 1058 1835 vulgo
1078 1784 1223 1823 editur:

199 1855 268 1884 non
289 1837 425 1889 moleste
445 1836 650 1899 feramus?
680 1838 770 1877 mihi
800 1850 869 1876 non
887 1837 1079 1877 reddiderit
1102 1847 1245 1881 nomem

148 1896 153 1903 ”
204 1894 339 1943 aliquis
361 1902 406 1929 ex
436 1891 516 1936 his,
542 1901 604 1940 qui
632 1889 680 1928 aci
708 1886 862 1938 Castoris
891 1890 1138 1940 negotiantur,
1164 1898 1223 1926 ne-

208 1950 321 1996 quam'
334 1943 510 1991 mancipia
527 1948 675 1979 ementes
692 1937 948 1990 vendentesque.
971 1949 1076 1987 quam
1095 1937 1223 1976 1εᾶἰο-

207 2005 294 2035 nem
313 1993 441 2032 frustra
458 1991 535 2030 illic
556 1998 681 2030 tuetur
691 1990 847 2038 Lipsius.
860 1990 925 2027 alii
945 1989 992 2028 aci
1017 1985 1139 2038 castra.
1161 1987 1224 2027 sed

206 2042 463 2096 reponendum
491 2042 564 2088 est,
595 2043 642 2080 ad
679 2039 839 2090 catastas.
877 2040 939 2079 vel
983 2042 1023 2078 in
1065 2037 1222 2089 catastis.

206 2108 278 2149 pro
307 2096 353 2135 ad
377 2096 467 2146 jura
491 2094 630 2143 puellae
656 2099 831 2140 corrupte
850 2091 888 2129 in
914 2089 1151 2129 Menteliano
1177 2090 1223 2129 ad

205 2155 301 2188 ruta.
312 2145 384 2199 sub
402 2145 502 2194 jura·
518 2143 727 2191 corrigebat
747 2139 1002 2180 Marklandus.
1019 2147 1059 2180 ut
1078 2140 1223 2180 Ovidio

206 2199 295 2244 Lib.
318 2202 349 2237 l.
375 2197 424 2236 A.
451 2195 500 2234 A.
524 2199 616 2242 ⁷609.
654 2194 758 2233 Non'
773 2200 838 2231 tua
855 2193 928 2244 Jub
950 2188 1084 2241 nqllras
1106 2196 1226 2233 veniet

196 2249 378 2303 facundia
395 2248 500 2299 leges.
516 2244 590 2335 i[ub
606 2244 698 2294 jura
715 2245 855 2290 venire,
882 2245 920 2282 in
957 2243 1057 2293 leges
1082 2256 1107 2282 a·
1122 2244 1226 2284 serva

204 2299 442 2353 praescriptas
465 2295 513 2335 de
528 2296 702 2336 cendere.
721 2295 804 2335 Lib.
829 2296 900 2334 111.
934 2294 992 2334 El.
1021 2305 1057 2341 9.
1086 2308 1122 2335 2.
1176 2295 1226 2335 Et

204 2351 317 2392 trahit
340 2348 521 2389 adamum
542 2345 708 2400 subsuta
724 2347 815 2397 jura
843 2349 972 2386 virum.
1041 2345 1156 2386 Ovid.
1195 2349 1226 2386 J.

207 2405 296 2444 Am.
325 2413 360 2441 2.
384 2412 448 2440 20.
471 2399 698 2452 Porrigimus
716 2397 828 2437 viaas
845 2398 891 2437 ad
905 2406 971 2436 tua
978 2397 1068 2447 jura
1090 2410 1227 2437 manus.

204 2454 270 2494 ubi
302 2454 342 2492 in
368 2451 448 2490 alus
480 2451 527 2491 ad
555 2459 620 2490 tua
639 2448 754 2502 juffa.
788 2447 852 2489 sed
875 2448 963 2488 vide
986 2450 1066 2489 istic
1082 2449 1231 2491 Heinsri

210 2512 330 2545 notas.
379 2510 384 2513 ’
1032 2513 1035 2514 ’

265 2605 300 2644 ς.
335 2596 417 2636 Non
434 2607 487 2634 me
503 2594 678 2634 Chaoniae
698 2594 844 2633 vincant
864 2593 906 2634 in
923 2606 1036 2634 amore
1058 2595 1232 2638 columbae

175 2654 177 2656 '
211 2646 361 2697 Dicere]
399 2648 448 2686 ita
478 2645 768 2696 distinguendum
786 2675 796 2692 ‚
830 2653 873 2686 ut
900 2647 1002 2686 recle
1030 2648 1069 2685 in
1112 2646 1234 2695 primo

211 2709 297 2740 meo
334 2697 475 2736 codice.
517 2700 667 2736 vincant·
691 2697 823 2744 dicere,
849 2697 1042 2738 locutione
1068 2698 1234 2746 Graeca,

216 2758 259 2793 ut
285 2748 380 2800 apud
400 2748 532 2788 Silium
549 2749 666 2788 Italic.
689 2749 780 2788 VII.
808 2758 897 2799 224.
923 2787 925 2789 ,

314 2830 398 2869 Stat
414 2825 556 2879 pensata
578 2828 642 2868 diu
667 2830 752 2867 belli
763 2827 961 2882 sententia,
990 2832 1127 2869 vincam

314 2882 463 2921 Servare
485 2880 635 2927 invitos,
662 2879 916 2933 urguentesque
933 2883 1060 2921 ultima
1068 2880 1166 2931 fata.

211 2960 314 3014 quod
340 2972 423 3000 cum
452 2960 524 2998 hoc
554 2960 661 3000 versu
683 2962 927 3012 Propertiano
954 2963 1054 3003 reste
1077 2963 1236 3004 contulit

215 3017 298 3054 Cel.
320 3011 662 3052 Drakenborchius.
685 3016 866 3054 columnae
893 3016 991 3055 male
1011 3015 1050 3053 in
1073 3014 1233 3054 secundo

160 3108 163 3109 ⁷
213 3064 489 3106 D'Orvilliano.
503 3062 600 3112 quod
613 3073 659 3100 ne
679 3065 1069 3115 quisampleelatur,&
1092 3065 1140 3105 de
1154 3067 1234 3117 ipso

211 3117 318 3171 Jovis
352 3113 554 3158 Dodonaei
588 3115 753 3166 templo,
787 3118 970 3161 columnis
1005 3118 1164 3167 intrim,
1197 3117 1237 3160 ἃ.

2190 651 2288 706 At-

1268 797 1308 857 in
1329 810 1406 850 quo
1428 798 1575 839 oracula
1598 799 1820 845 edebantur,
1849 799 2048 853 intelligat,
2071 809 2183 841 cavet
2203 799 2292 841 Ser-

1268 860 1351 890 vius
1373 849 1418 889 ad
1438 853 1543 901 Virg.
1573 852 1654 892 Ecl.
1677 853 1747 891 IX.
1785 863 1830 900 13
1853 854 1915 892 ubi
1936 854 2106 893 Chaonias
2121 854 2295 892 columbae

1268 901 1491 952 Epiroticas¹
1512 904 1795 953 interpretatur,
1833 917 1910 943 nam
1943 907 1982 944 in
2012 905 2124 953 Epiro
2161 904 2296 942 dicitur

1269 964 1394 994 nemus
1415 954 1555 1006 suff,
1597 957 1636 994 in
1663 967 1728 1006 quo
1757 953 1910 1007 responsa
1940 956 2070 995 dabant
2091 956 2290 998 columbae-3

1202 1038 1205 1043 .
1270 1005 1363 1054 quod
1382 1007 1458 1045 ideo
1480 1006 1656 1058 fingitur,
1683 1007 1767 1056 quia
1791 1008 1919 1057 lingua
1944 1006 2107 1059 leeffala
2131 1005 2296 1046 Peliades

1275 1052 1326 1103 δ’
1355 1059 1531 1098 columbae
1565 1055 1616 1104 ὅ)
1651 1059 1919 1097 vaticinatrices
1947 1065 2124 1097 vocantur.
2162 1066 2292 1096 nemus

1274 1107 1366 1146 illud
1389 1139 1399 1156 ,
1446 1111 1486 1148 in
1523 1120 1599 1157 quo
1629 1109 1822 1147 columbae
1859 1109 2091 1148 oraculorum
2124 1105 2296 1158 responsa

1274 1159 1430 1208 dabant,
1445 1161 1568 1200 innuit
1589 1159 1690 1199 idem
1719 1162 1831 1200 Maro
1856 1161 1942 1200 Lib.
1967 1162 2018 1200 11.
2041 1161 2180 1210 Georg.
2210 1164 2270 1200 16.

1514 1259 1758 1303 nemorumque
1777 1252 1873 1307 Jovi
1889 1265 1978 1303 quae
1990 1253 2147 1292 maxima
2153 1248 2300 1302 frondet

1327 1302 1526 1354 Aesculus,
1543 1312 1649 1354 acque
1669 1304 1809 1344 habitae
1830 1304 1958 1356 Grajis
1979 1305 2121 1343 oracula
2135 1313 2297 1355 quercus-

1277 1399 1356 1442 vid.
1389 1401 1582 1439 Carrionis
1605 1407 1712 1439 notas
1739 1400 1784 1440 ad
1808 1403 1936 1443 valer.
1956 1403 2011 1442 Fl.
2032 1402 2121 1443 Lib.
2146 1404 2176 1442 Ι.
2206 1413 2300 1452 304.

1278 1449 1326 1488 de
1346 1451 1490 1498 origine
1517 1451 1649 1488 horum
1683 1452 1790 1501 Jovis
1814 1453 2016 1493 Dodonaei
2046 1453 2300 1501 oraculorum,

1279 1513 1300 1539 a
1321 1500 1522 1545 columbis,
1548 1500 1624 1546 five
1651 1502 1800 1549 avibus,
1828 1504 1903 1542 five
1929 1505 2077 1543 feminis
2100 1506 2149 1544 ita
2170 1503 2299 1552 dietis,

1280 1550 1488 1596 editorum,
1517 1551 1590 1600 legi
1620 1561 1811 1592 merentur
1832 1564 1925 1604 quae
1954 1555 2165 1593 observavit
2185 1556 2303 1603 span·

1278 1604 1374 1644 hem.
1395 1603 1440 1642 ad
1463 1602 1606 1642 Callim.
1631 1603 1773 1652 Hymn.
1789 1604 1831 1643 in
1854 1605 1993 1644 Delum
2013 1616 2049 1644 v.
2075 1610 2162 1654 284.
2185 1605 2301 1643 elicere

1277 1666 1400 1695 autem
1430 1654 1519 1700 hic,
1559 1653 1594 1692 ὅ(
1629 1654 1717 1693 alibi
1752 1654 1906 1706 pamm,
1946 1667 2018 1708 pro
2055 1654 2314 1706 praedicere.>

1276 1707 1397 1746 verbo
1422 1704 1472 1746 de
1498 1705 1657 1744 oraculis
1694 1708 1868 1757 proprio,
1904 1719 1999 1757 quae
2023 1706 2114 1746 vhinc
2135 1707 2306 1746 diiiioues

1274 1765 1476 1805 vocantur,
1500 1766 1542 1797 ut
1558 1766 1699 1797 notum.
1728 1756 1843 1797 Ovid.
1874 1760 1947 1799 IV.
1968 1759 2081 1798 Trist.
2099 1758 2159 1800 El.
2175 1763 2211 1801 8.
2235 1768 2301 1809 43.

1326 1848 1409 1888 ‚Hoc
1428 1846 1518 1888 mihi
1533 1845 1571 1898 fi
1595 1846 1754 1896 Delphi,
1780 1847 1998 1899 Dodonaque
2020 1850 2151 1889 diceret
2168 1847 2265 1903 iffi,

1380 1898 1466 1952 Effe
1488 1900 1668 1938 videretur
1693 1911 1806 1938 vanus
1823 1907 1968 1950 uterque
1987 1901 2094 1941 locus.

1274 1978 1398 2016 noster
1418 1978 1505 2016 Lib.
1531 1979 1601 2017 IV.
1624 1971 1684 2017 El.
1708 1991 1742 2018 1.
1767 1988 1827 2026 50.
1908 2001 1913 2007 ·

1327 2057 1370 2097 Si
1395 2058 1491 2095 modo
1513 2058 1706 2098 Avernalis
1722 2060 2051 2109 tremulaercortina
2074 2062 2236 2115 Sibyllae

1375 2109 1495 2147 Dixit
1514 2109 1694 2147 Aventino
1714 2120 1802 2146 rura
1817 2110 1950 2156 pianda
1974 2113 2096 2152 Remo.

1276 2189 1364 2230 vide
1393 2190 1523 2229 Heius.
1552 2189 1597 2227 ad
1629 2187 1744 2228 Ovid.
1772 2190 1842 2240 Ep.
1871 2191 1918 2228 V.
1945 2202 2006 2240 33.
2032 2193 2068 2231 &
2097 2194 2314 2236 Drakenb'.‘

1276 2243 1322 2283 ad
1357 2243 1486 2282 Silium
1533 2242 1643 2280 ΧΙΠ.
1678 2241 1997 2287 819μΜτι3ἰωυε
2032 2244 2170 2295 Tyrius
2206 2246 2303 2287 Diss.

1279 2295 1512 2342 XXXV.-p.
1535 2299 1624 2337 416.
1647 2291 1704 2330 ed.
1738 2291 1864 2331 Davis.
1890 2292 1975 2331 loco
1996 2293 2042 2333 ad
2069 2306 2148 2334 rem
2167 2295 2304 2337 facien·

1280 2354 1339 2385 te:
1355 2345 1446 2384 'Aah'
1465 2345 1481 2382 ὁ
1498 2340 1557 2395 (ἃ)
1580 2341 1751 2383 Ἀπόλλων
1772 2346 1892 2380 ταῖῖτοι
1910 2345 1959 2384 ἐκ
1973 2349 2119 2398 Δελφόρ
2138 2348 2163 2386 ἑ
2179 2347 2306 2395 λέγοις

1282 2394 1345 2438 dell
1370 2398 1386 2435 ὅ
1421 2393 1500 2440 Ζεὺς
1528 2397 1576 2437 ὀκ
1606 2392 1761 2437 Δωδὶῦνης
1791 2393 1916 2442 λίγα,
1956 2396 2018 2437 ⁸⁸5²
2043 2399 2081 2447 ἐξ
2107 2397 2214 2442 ἄλλης
2237 2404 2305 2446 γῆς

1284 2449 1382 2492 ἄλλος
1413 2446 1492 2493 θεὶς.
1552 2449 1611 2486 Ex
1646 2446 1701 2483 his
1734 2453 1861 2494 patet,
1898 2448 1994 2486 male
2030 2449 2220 2488 Barthium
2258 2449 2305 2489 ad

1285 2500 1479 2539 claudian.
1499 2510 1580 2550 pag.
1611 2508 1696 2545 790.
1722 2496 1819 2534 hunc
1837 2508 1984 2547 quoque
2008 2498 2130 2538 locum
2158 2499 2305 2541 adferre

1282 2553 1381 2591 inter
1419 2551 1488 2589 alia
1505 2580 1515 2596 ‚
1552 2550 1681 2600 quibus
1720 2548 1967 2588 columbarum
2007 2550 2236 2600 voluptatem
2264 2553 2304 2592 in

1283 2613 1429 2650 amore,
1457 2601 1492 2640 δι
1517 2601 1706 2640 columbari
1735 2609 1805 2648 pro
1828 2599 1935 2638 instar
1961 2601 2211 2644 columbarum
2229 2604 2306 2645 sua·

1284 2655 1379 2697 viati
1398 2684 1409 2703 ‚
1436 2652 1645 2693 describere
1672 2651 1791 2690 solent
1811 2652 1959 2701 poetae.
2307 2680 2310 2682 >

1339 2770 1375 2808 7.
1407 2757 1475 2796 Me
1502 2756 1596 2794 dolor
1623 2751 1673 2800 δ’
1710 2754 1874 2793 lacrimae
1907 2755 2030 2794 merito
2059 2753 2182 2807 fecere
2210 2758 2305 2807 peri·

1286 2811 1379 2860 tum]
1415 2808 1520 2849 Novi
1551 2806 1737 2853 exempla,
1764 2805 1895 2854 quibus
1925 2804 2019 2845 illud
2050 2810 2195 2853 merito,
2226 2809 2303 2849 five

1286 2872 1368 2901 cum
1392 2859 1514 2899 verbis
1536 2858 1610 2896 five
1638 2856 1824 2904 adJeetivis
1847 2857 2095 2905 coniunctum.
2128 2860 2193 2910 ipsi
2215 2861 2306 2900 Pro·

1283 2913 1410 2963 pertio
1434 2912 1540 2958 saepe
1566 2909 1729 2947 ufitatum
1745 2939 1756 2954 ‚
1783 2907 1894 2957 possit
1917 2909 2079 2960 probari.
2105 2911 2179 2950 Sed
2195 2911 2307 2952 'dubi-

1286 2972 1348 3012 to,
1375 2975 1420 3001 an
1459 2961 1544 3000 huic
1578 2961 1663 2999 loco
1689 2959 1906 3007 conveniat,
1936 2959 1972 2998 ἀ
1998 2971 2045 2999 an
2076 2972 2153 3001 non
2179 2965 2305 3013 potius

1285 3015 1347 3055 hic
1371 3012 1480 3052 valde
1507 3011 1657 3062 frigeat,
1694 3012 1776 3061 quia
1803 3011 1841 3050 in
1867 3011 2172 3061 praecedentibus
2206 3016 2305 3056 Pon-

1285 3068 1360 3106 tico
1384 3065 1603 3114 exprobrat,
1632 3063 1669 3103 se
1697 3073 1824 3102 verum
1854 3072 1974 3103 vatem
1999 3062 2125 3111 fuifl‘e,
2152 3065 2186 3104 &
2214 3077 2303 3105 ven·

1284 3128 1386 3160 turos
1383 3116 1480 3210 Nipsi
1502 3126 1647 3159 amores
1662 3113 1900 3170 praedixiss'e,
1918 3125 2040 3168 neque
2060 3116 2135 3168 ipsa
2158 3116 2303 3210 orale->ula

1452 3179 1477 3210 2
1611 3192 1614 3193 ν
2259 3177 2302 3207 ο-
