2618 3652
410 304 486 350 :v
570 241 746 349 εμὲ
817 288 882 348 Ν
958 288 1143 361 Τι-,Η
1214 290 1243 347 1

298 421 386 474 ιο.

205 716 265 757 Ei.
302 728 364 766 25.
393 727 430 763 9.
461 727 533 768 pro
560 721 697 758 moenia
714 718 807 769 flere
836 721 931 773 male
961 722 999 762 in
1029 722 1224 765 D'Orvill.

200 769 321 820 primo
327 765 443 818 ferre.
471 771 534 809 An
552 769 614 810 hic
629 772 787 822 praestat
805 781 845 812 ut
861 774 1023 824 legamus
1036 804 1048 822 ,

251 848 373 898 Atque
396 837 790 900 Amphioniae'moenia
813 852 903 894 flare
921 856 1030 906 lyrae.

198 927 239 969 id
255 929 308 969 est
325 930 479 971 Thebas
500 933 578 985 lyra
596 934 824 984 Amphionia
843 935 990 976 struetas
1006 937 1112 976 velut
1120 945 1226 986 gran-

198 979 306 1040 diore
324 981 409 1020 tuba
422 1011 433 1028 ,
460 985 522 1024 seu
544 984 708 1025 carmine
726 987 836 1036 epico
857 987 998 1028 sonare.
1017 987 1114 1036 flare
1131 998 1222 1026 con-

197 1032 481 1134 ἕὸηιέίξῐὲῗεο
503 1037 682 1111 poemati.
704 1046 746 1078 ut
775 1036 871 1090 apud
892 1039 1113 1121 Martialem
1134 1038 1223 1079 Lib.

197 1173 217 1206 i
247 1163 307 1203 At
324 1176 430 1213 quam
447 1165 606 1206 viamus
623 1175 822 1216 poteramus
839 1177 997 1223 pangere
1022 1172 1184 1219 chartas,

303 1213 520 1272 Quantaque
540 1219 666 1258 Pieria
680 1222 816 1267 praelia
835 1220 926 1259 flare
951 1224 1050 1260 tuba.

198 1297 274 1342 qno
307 1292 396 1331 loco
431 1295 682 1334 Broukhufius
719 1297 819 1336 reste
855 1296 1058 1339 vindioevit
1098 1310 1226 1338 veram

199 1344 398 1383 leetionem
424 1344 519 1392 apud
553 1346 718 1387 nostrum
745 1348 834 1389 Lib.
862 1350 934 1390 111.
955 1349 1018 1390 El.
1043 1361 1082 1390 2.
1102 1361 1141 1390 v.
1161 1362 1227 1399 42.

201 1395 293 1434 loco
315 1405 394 1435 non
419 1395 606 1437 diffimiii:

256 1477 450 1518 Contentus
472 1481 590 1518 niveis
596 1478 736 1531 semper
757 1478 934 1517 waben
948 1481 1088 1528 cycnis,

302 1528 384 1578 Nec
402 1538 438 1567 te
444 1528 565 1578 fortis
586 1531 668 1578 equs·
689 1529 794 1567 ducet
811 1529 858 1567 ad
887 1541 986 1568 arma
998 1533 1123 1580 Jonus.

255 1579 330 1619 Nil
354 1581 424 1617 tibi
437 1577 491 1628 fit
513 1591 617 1617 rauco
637 1581 814 1627 praetoria
831 1577 967 1629 ciaffica
989 1594 1098 1620 cornu

301 1630 334 1668 F
335 1628 435 1676 lare,
459 1641 522 1669 nec
549 1631 712 1670 Aonium
727 1633 869 1683 cingere
892 1631 1018 1670 Marte
1039 1645 1174 1672 nemus.

204 1723 296 1764 ubi·
312 1723 424 1762 etiam
465 1722 566 1761 Flere
613 1723 653 1761 in
685 1721 852 1773 plurimis
894 1723 1084 1764 codicibus
1102 1755 1112 1771 ‚
1147 1724 1228 1776 pari

205 1774 431 1820 variatione,
463 1772 564 1824 quod
602 1781 728 1813 tamen
760 1782 882 1814 tuetur
912 1776 961 1814 Is.
1001 1776 1152 1815 Vosfius
1180 1774 1227 1814 ad
1258 1821 1260 1823 Υ

208 1824 347 1866 Catull.
378 1835 416 1874 p.
461 1829 551 1863 226.
591 1824 665 1864 hoc
699 1833 823 1864 tamen
866 1826 906 1863 in
942 1826 1030 1865 loco
1078 1826 1105 1864 fi
1152 1828 1234 1877 quis

209 1877 394 1926 vulgatam
429 1874 730 1925 propugnandam
777 1875 1010 1924 contendat,
1058 1887 1137 1923 non
1176 1890 1234 1917 re·

211 1926 406 1976 stagabor,
439 1925 599 1966 maxime
637 1934 792 1976 propter
823 1925 915 1966 illud
949 1938 999 1967 ex
1040 1927 1128 1968 Lib.
1159 1929 1231 1969 111.

212 1978 274 2019 El.
298 1988 333 2026 7.
356 1987 419 2025 37.

265 2067 354 2106 Non
367 2062 462 2114 flebo
479 2065 520 2103 in
535 2066 669 2103 cineres
684 2075 798 2103 arcem
808 2062 888 2112 fidi
919 2078 938 2104 e
954 2073 1117 2114 paternos

318 2117 462 2163 Cadmi,
489 2127 553 2154 nec
560 2114 701 2166 semper
717 2116 854 2163 praelia
870 2128 890 2155 c
905 2117 969 2156 ade
987 2117 1084 2166 pari.

141 2259 143 2261 ,
226 2226 229 2227 ’
267 2229 330 2260 11.
357 2218 452 2257 Plus
473 2219 514 2256 in
533 2228 647 2256 amore
663 2217 762 2256 valet
786 2216 1001 2257 Mimnermi
1025 2215 1144 2270 versus
1162 2217 1238 2257 Ho-

212 2269 323 2320 mero]
355 2270 475 2308 valent
504 2268 602 2308 male
634 2269 674 2307 in
707 2268 876 2307 Borrich.
917 2280 988 2319 pro
1026 2269 1240 2315 Mimnermi

214 2323 369 2365 nomine
410 2319 700 2370 corruptisfimae
737 2319 936 2370 scripturae
968 2319 1120 2368 vestigia
1156 2321 1239 2360 sunt

215 2373 256 2411 in
275 2370 382 2410 codd.
418 2371 538 2412 MSS.
559 2372 739 2410 numerini
766 2371 806 2408 in
836 2369 981 2413 duobus
1008 2370 1141 2410 Leidd.
1158 2372 1235 2422 pri-

219 2434 306 2468 me,
330 2422 463 2468 tertio,
494 2421 529 2460 ἀ
550 2430 682 2471 ¹quarto
707 2421 812 2462 Voss.
831 2430 989 2472 utroque
1014 2422 1179 2461 Dor-vill.
1201 2421 1237 2461 &

217 2475 322 2512 meis.
346 2473 379 2513 ἃ
397 2475 437 2513 in
454 2474 571 2522 prima
593 2474 733 2521 Venet.
758 2471 795 2511 δι’.
813 2473 911 2522 Reg.
935 2475 1031 2521 Lep.
1055 2473 1235 2513 editione.

510 2521 1048 2625 3²33*

217 2625 376 2664 lectione
413 2638 435 2664 a
464 2636 560 2665 man.
590 2625 660 2664 see.
681 2624 717 2663 δι
753 2624 793 2663 in
822 2625 952 2665 iisdem
980 2624 1063 2665 edd.
1086 2627 1238 2677 Respici

218 2675 280 2714 hic
307 2673 352 2713 ad
381 2675 562 2715 distichon
586 2677 806 2715 Mimnermi
836 2677 946 2726 ipsius
976 2675 1071 2728 apud
1097 2679 1238 2717 Plutar-

215 2726 326 2765 chum
364 2725 399 2764 &
429 2727 630 2767 stobaeum
666 2727 785 2766 Serm.
815 2728 921 2767 LXI.
965 2737 1072 2768 notat
1113 2728 1234 2768 Andr.

217 2777 391 2819 schottus
420 2777 505 2815 Lib.
536 2778 587 2821 ΙΙ.
613 2777 773 2816 observ.
803 2783 884 2827 cap.
914 2790 947 2828 7.
973 2779 1073 2829 quod
1107 2779 1156 2817 fic
1188 2791 1236 2820 ex

217 2829 383 2870 stobaeo
421 2827 556 2877 legitur
598 2827 639 2867 in
677 2829 873 2878 Excerptis
916 2831 1110 2871 Grotianis
1156 2832 1236 2871 Tit.

214 2878 360 2931 ΙΣΧῌΙ.
384 2889 466 2929 pag.
494 2887 583 2927 242.
640 2902 644 2904 >
1044 2902 1056 2912 ι

215 2957 277 3003 Τίς
298 2955 337 2996 δὲ
357 2956 442 3000 ci&
455 2987 466 3004 ,
483 2957 524 2998 τί
541 2955 579 2997 δὲ
599 2958 732 3007 πρωὶ,
752 2961 836 3008 ἔτερ
862 2964 991 3012 xmo-335
1010 2959 1211 3012 Ἀφροέίτης
1233 2979 1244 3012 ;

156 3023 161 3026 ·
264 3007 435 3057 Τεθνοιιήν,
465 3010 523 3049 ὅτε
546 3026 605 3058 μοι
623 3011 746 3058 unxia-e
767 3017 886 3053 ταῦτα
906 3015 1021 3063 μέλοι.

214 3088 278 3131 ubi
297 3089 399 3131 πέλοι
421 3091 511 3143 legit
539 3092 591 3133 H.
616 3091 841 3144 Stephanus,
871 3094 906 3135 δι’.
943 3106 1026 3137 cum
1049 3093 1230 3145 Antipha-

1315 289 1385 346 A.
1418 248 1423 252 -
1538 286 1589 345 L
1628 305 1650 344 1
1690 305 1741 344 B.
1854 286 1900 361 1.
2181 302 2288 360 tor

501 416 617 474 Aut
657 416 1022 495 Amphioniae
1063 414 1280 473 moenia
1320 411 1449 473 flere
1487 417 1634 486 lyrae
1663 416 1692 470 ’.2

426 493 551 551 Plus
594 495 653 551 in
679 508 873 565 vamo-re
914 495 1060 551 valet
1098 493 1419 555 Mimnermi
1459 490 1639 550 versus
1667 490 1952 558 Homem,

2160 541 2299 623 Car--

1276 724 1354 768 nis,
1383 730 1426 760 ac
1450 719 1649 772 Sophoclis
1668 718 1833 758 versibus
1856 723 2031 767 conparat
2049 713 2094 754 ad
2114 712 2296 765 Sophocl.

1275 773 1457 823 Antigon.
1475 783 1513 811 V.
1543 776 1654 813 1182.
1680 771 1775 821 apud
1793 769 2022 809 Plutarchum
2046 778 2160 812 vero,

1327 841 1391 897 ‘riq
1412 839 1451 882 δὲ
1474 841 1598 893 χάρις,
1627 840 1669 881 τί
1688 837 1729 881 τὶ
1750 839 1857 886 Tibri)
1883 842 2013 892 χρυτῆς
2031 833 2234 888 Ἀφροὸζτης
2251 850 2261 882 3

1274 922 1338 962 illa
1364 922 1585 962 Mimnermi
1606 921 1718 961 etiam
1749 928 1837 960 ante
1866 920 1996 959 oculos
2018 918 2145 958 habuit
2172 917 2297 957 noster

1274 974 1369 1015 infra
1387 975 1447 1015 El.
1470 974 1580 1014 XIV.
1599 982 1645 1012 vc
1663 983 1722 1021 15.

1327 1055 1428 1095 Nam
1447 1056 1528 1105 quis
1545 1054 1690 1093 divitiis
1705 1051 1844 1103 adverso
1868 1052 2004 1104 gaudet
2021 1064 2132 1090 amore
2144 1052 2165 1090 ἓ

1379 1107 1502 1146 Nulla
1521 1105 1612 1145 mihi
1631 1101 1726 1154 tristi
1752 1107 1912 1153 praemia
1924 1102 2004 1155 fint
2033 1105 2175 1143 Venere.

1275 1179 1312 1220 ἃ
1333 1180 1432 1220 bene
1448 1179 1542 1217 haec
1561 1178 1710 1218 confert
1736 1177 1911 1218 schottus
1930 1188 2013 1217 cum
2038 1176 2125 1215 loco
2152 1174 2303 1215 Horatii

1276 1232 1368 1271 Lib.
1388 1233 1418 1270 1.
1445 1230 1562 1280 Epist.
1586 1235 1622 1271 6.
1649 1236 1710 1277 65.

1330 1300 1373 1338 Si
1383 1328 1394 1341 .
1409 1299 1651 1337 Mimnermus
1669 1300 1726 1337 uti
1742 1297 1873 1350 censet,
1891 1296 1972 1349 fine
1991 1310 2106 1337 amore
2118 1296 2275 1350 jocisqw

1328 1350 1403 1389 Nil
1421 1346 1470 1399 est
1482 1349 1705 1400 jucundum:
1733 1351 1835 1387 vivas
1854 1350 1892 1388 in
1909 1362 2023 1403 amore
2035 1348 2207 1402 jocisque.

1279 1437 1344 1476 ubi
1366 1435 1416 1476 de
1438 1437 1671 1476 Mimnermo
1690 1435 1778 1475 vide
1796 1438 1940 1475 Mureti
1965 1437 2000 1476 ἃ
2019 1430 2218 1483 Torrentii
2236 1447 2306 1474 no·

1279 1496 1347 1527 tas.
1375 1487 1478 1525 illum
1503 1497 1600 1524 vero
1635 1488 1772 1525 Graeci
1802 1486 1909 1531 hujus
1928 1489 2065 1535 poetae
2093 1490 2236 1526 versum
2263 1489 2304 1524 in

1278 1537 1586 1589 animorhabebat
1608 1537 1811 1578 Politianus
1834 1536 1877 1574 in
1899 1537 1938 1576 N
1943 1538 2080 1576 utriciis
2102 1549 2139 1576 v.
2164 1550 2248 1586 552.

1583 1630 1646 1658 nec
1665 1619 1727 1668 qui
1736 1615 1818 1668 fine
1842 1628 1954 1656 amore
1968 1614 2123 1669 jocisque

1378 1670 1600 1727 Jucundt‘sm
1627 1670 1720 1711 nihil
1739 1668 1810 1722 effe
1827 1676 1945 1718 putat.
2005 1716 2007 1718 q

1283 1763 1347 1802 ubi
1369 1760 1458 1800 vide
1477 1760 1675 1800 Brasficani
1701 1767 1809 1800 notas
1829 1770 1910 1810 pag.
1930 1764 1995 1806 96.
2029 1757 2064 1797 &
2081 1758 2185 1808 ptura
2212 1755 2317 1810 apud.

1284 1812 1390 1854 voss‘.
1418 1813 1506 1852 Lib.
1538 1814 1610 1852 ΠΙ.
1639 1813 1756 1853 Instit.
1781 1812 1889 1851 Poet.
1927 1822 2008 1860 pag.
2049 1822 2109 1858 52.
2134 1811 2308 1860 frequens

1284 1866 1364 1912 ejus
1386 1864 1530 1903 mentio
1548 1863 1642 1914 apud
1666 1873 1832 1909 vetere5‚
1854 1861 1888 1901 &
1916 1872 2004 1910 prae
2023 1862 2157 1900 ceteris
2186 1862 2307 1900 Athe-

1283 1927 1417 1955 naeum
1446 1915 1532 1955 Lib.
1557 1917 1666 1955 XIV.
1694 1915 1785 1954 XV.
1811 1913 1846 1952 &
1874 1913 1980 1951 XVI.
2005 1911 2066 1950 sed
2094 1912 2242 1962 insignis
2259 1911 2323 1950 de‘

1288 1977 1338 2004 eo
1372 1967 1481 2006 locus.
1500 1967 1570 2008 est-
1588 1967 1628 2005 in
1657 1966 1788 2015 Elegia
1821 1964 2143 2007 Hermefianaffis‚
2179 1962 2308 2002 itidem

1289 2017 1538 2066 Colophonii,
1549 2016 1644 2064 apud
1659 2017 1829 2055 eumdem
1846 2015 2082 2055 Athenaeum
2098 2013 2180 2052 Lib.
2198 2015 2306 2054 XIII.

1287 2079 1366 2117 cap.
1386 2071 1420 2108 8.
1442 2078 1522 2116 pag.
1541 2076 1628 2114 597.
1647 2067 1712 2104 ubi
1729 2077 1823 2115 quae
1838 2065 1888 2103 de
1905 2066 2124 2104 Mimnermi
2144 2066 2313 2104 carmini-

1288 2119 1378 2164 bus,
1403 2118 1534 2167 quibus
1553 2119 1708 2155 Nannus
1741 2116 1825 2154 suae
1851 2127 1994 2159 amores
2019 2117 2178 2162 cecinit,
2204 2116 2307 2154 adfe-

1287 2179 1442 2214 runtur,
1470 2169 1574 2207 varie
1592 2179 1612 2205 a
1641 2168 1730 2206 viris
1760 2167 1896 2212 doEkis,
1925 2165 2007 2215 post
2027 2167 2309 2214 Casaubonum‚

1287 2217 1480 2259 emendata
1499 2219 1580 2258 sunt
1592 2249 1602 2265 ,
1621 2230 1642 2256 a
1661 2218 1981 2257 Cel.Ruhnkenio
1999 2217 2036 2255 in
2048 2217 2160 2265 Epist.
2180 2217 2310 2256 Critic.

1289 2274 1339 2311 11.
1367 2282 1448 2320 pag.
1489 2281 1550 2318 77.
1571 2270 1606 2309 ὅ(
1639 2273 1699 2318 78.
1735 2268 1933 2316 Lennepio
1964 2268 2002 2306 in
2038 2267 2232 2307 Animadv.
2261 2268 2308 2306 ad

1294 2322 1449 2363 Coluth.
1473 2323 1558 2361 Lib.
1581 2323 1648 2360 111.
1678 2331 1711 2359 c.
1743 2326 1776 2362 8.
1797 2333 1833 2370 p.
1863 2324 1948 2359 166.
1974 2325 2059 2365 167.
2085 2318 2119 2358 &
2139 2320 2306 2359 Strucht-

1286 2373 1553 2424 meyero—Lib.
1573 2374 1621 2411 ΙΙ.
1643 2371 1838 2410 Animadv.
1862 2369 1991 2409 Critic.
2020 2380 2099 2418 cap.
2117 2383 2150 2418 5.
2173 2370 2308 2410 eodem

1286 2426 1447 2465 carmine
1466 2423 1728 2463 Hermefianax
1754 2422 2019 2461 Mimnermum'
2039 2420 2127 2467 facit
2150 2422 2331 2472 primum—t

1285 2477 1414 2516 versus
1426 2475 1645 2527 pentametri
1662 2474 1844 2513 auctorem
1855 2501 1865 2517 ,
1878 2471 1977 2521 quod
1989 2471 2051 2510 alii
2065 2473 2213 2511 Callino
2223 2503 2233 2520 ,
2247 2474 2311 2512 vel

1289 2529 1484 2574 Galliaco,
1500 2527 1563 2565 alii
1584 2525 1809 2565 Archilocho
1827 2523 2158 2570 tribuerunt,teste
2170 2525 2324 2564 Censo·.
2402 2537 2416 2554 ι

1288 2581 1391 2626 rino,
1419 2579 1481 2617 vel
1501 2580 1690 2628 scriptore
1709 2577 1853 2615 incerto
1888 2573 2086 2624 fragmenti
2108 2576 2190 2624 post
2209 2575 2309 2614 Cen-

1289 2631 1401 2671 sorini
1433 2630 1565 2669 librum
1604 2627 1652 2667 de
1683 2627 1743 2666 die
1771 2627 1900 2666 Natali
1932 2625 2054 2674 editi,
2097 2625 2133 2664 &
2174 2627 2307 2666 Mario

1286 2683 1484 2722 Victorino
1517 2682 1603 2721 Lib.
1633 2682 1703 2718 ΙΙΙ.
1735 2678 1782 2717 de
1809 2679 1892 2716 Art.
1913 2679 2040 2716 Gram.
2061 2690 2099 2727 p.
2127 2682 2214 2732 ,¹4⁶-
2242 2678 2308 2716 ubi

1285 2745 1354 2784 per
1384 2733 1629 2781 Colophonium
1658 2731 1838 2779 quemdam
1864 2728 2021 2778 intelligi
2041 2728 2308 2768 Mimnermurn

1289 2786 1389 2824 reete
1407 2792 1510 2823 notat
1528 2784 1652 2840 Hem.
1673 2781 1836 2840 Yalefius
1854 2779 1937 2819 Lib.
1958 2780 2028 2819 lV.
2047 2779 2205 2840 limend.
2225 2792 2303 2829 cap.

1290 2830 2309 2936 {nithssi.5³:¹31).sssifflffiiffii‘ssssaiffffizffi

1290 2939 1553 2981 Mimnermus,
1582 2935 1740 2974 Evenus.
1768 2933 1950 2993 probante
1977 2933 2058 2972 Cei.
2080 2933 2309 2973 Ruhnkenio

1287 2988 1332 3026 ad
1357 2988 1501 3027 Callim.
1527 2988 1670 3034 Fragm.
1698 2997 1719 3023 a
1741 2983 1915 3031 Bentlejo
1940 2984 2091 3022 colleaa
2116 2996 2195 3035 pag.
2219 2995 2308 3033 439.

1284 3040 1447 3087 ejusdem
1479 3036 1699 3077 Mimnermi
1725 3038 1889 3085 Elegiam
1921 3035 1969 3074 de
1995 3036 2094 3074 vitae
2127 3037 2309 3075 humanae

1282 3091 1425 3132 miseria
1439 3120 1449 3136 ,
1471 3100 1519 3129 ex
1542 3090 1704 3131 Stobaeo
1727 3088 1892 3142 profert,
1918 3087 1953 3127 ἃ
1974 3087 2120 3128 Latinis
2145 3088 2310 3128 numeris

1378 3142 1470 3190 N3
1716 3182 1721 3184 .
2282 3138 2317 3178 a
