2586 3658
330 304 445 373 v118

556 453 671 509 Aut
699 461 881 509 teneat
906 430 1132 505 clausam
1172 449 1327 504 tenui
1353 448 1704 524 Teuthrantis
1722 429 1793 505 'in
1826 447 1969 506 unda

375 704 444 734 rvo
478 689 718 738 arundinem,
760 687 808 728 de
839 661 997 739 utro‘que
1033 672 1118 730 lacuv
1143 688 1220 731 vid.
1247 672 1348 731 Paul.

301 746 303 748 ’
379 745 516 783 erulam
552 744 594 781 P.
636 753 694 781 11.
728 742 867 791 Geogr.
901 742 984 780 Lib.
1021 743 1090 782 IV.
1125 754 1206 793 pag.
1258 746 1345 789 580.

330 799 416 845 581.
450 794 506 847 egl.
550 794 589 831 in
616 793 703 832 Fol.
733 793 988 843 perrcymbam
1033 803 1128 832 vero
1160 795 1346 842 parvulam

324 845 492 895 intellige
515 843 683 890 lintrem,
716 842 882 893 qualibus
914 844 1069 893 navigiis
1099 844 1188 884 velo
1222 855 1343 884 remo-

563 300 600 357 S
641 296 691 356 E
728 298 796 367 X.
839 296 1022 354 :AV
1058 294 1111 353 R
1150 295 1630 356 E²L11²5P⁴R
1672 294 1895 356 ΟΪΡἙ
1933 297 2077 359 R‘T
2119 301 2213 360 11

2245 546 2426 603 Alter-
2478 509 2482 514 =

1400 690 1515 733 smus
1541 667 1630 758 tib.
1656 691 1748 733 xv.
1778 695 1867 744 ηε.

1675 770 1823 825 securae
1839 773 1992 826 gurgite
2015 772 2132 828 claustr

1498 825 1603 865 Stant
1622 831 1767 874 puppes.

326 907 397 948 que
438 896 524 935 actis
549 924 561 942 ‚
603 893 650 933 ad
680 894 912 945 voluptatem
947 895 1147 934 utebantur
1191 896 1230 934 in
1264 896 1346 934 lacu
1396 907 1433 949 ἃ
1451 905 1499 947 de
1521 914 1632 958 portu
1654 904 1750 957 apud
1771 904 1942 958 Juvenal,
1967 904 2044 946 Sat.
2068 876 2159 946 Xli.
2185 913 2245 958 755

323 949 492 989 Lucrino
524 946 559 986 ἀ
589 946 765 992 Averno,
790 945 841 985 iis
859 956 905 984 ue
945 947 1095 996 oppleta
1124 954 1230 986 erant
1255 957 1345 986 orae

322 1001 484 1048 najanae
502 998 621 1037 litora.
633 1005 674 1036 ut
693 996 814 1036 locum
872 995 964 1035 vidii
980 998 1063 1037 Lib.
1082 999 1115 1038 Ι.
1129 998 1180 1038 A.
1191 999 1341 1046 A..255.

324 1051 433 1110 Quid
462 1047 611 1099 referam
646 1048 776 1099 Bajas,
808 1046 1059 1100 praetextaque
1087 1049 1191 1088 litora
1222 1051 1312 1088 velis
1328 1077 1340 1096 ‚

321 1101 530 1151 exposuisse
566 1099 780 1146 Heiniium,
808 1099 933 1150 paullo
959 1109 1047 1140 ante
1079 1099 1162 1139 dixi·
1186 1099 1233 1139 ad
1265 1101 1342 1147 huj.

322 1152 381 1191 El.
410 1164 445 1192 v.
482 1163 518 1192 2.
544 1153 670 1190 celeres
689 1152 812 1190 lintres
834 1149 946 1190 tardis
968 1150 1250 1199 navibus,fune
1269 1159 1339 1191 tta-

320 1204 407 1251 ctis,
442 1203 602 1254 opponit
631 1200 725 1240 infra
752 1201 811 1242 El.
840 1203 950 1241 XIV.
978 1213 1016 1251 3.
1139 1205 1143 1210 ’
1202 1204 1204 1206 ’

370 1273 424 1314 Et
445 1273 540 1312 modo
556 1279 629 1310 tam
649 1271 774 1309 celeres
796 1269 938 1307 miraris
954 1279 1093 1307 currere
1115 1269 1262 1312 lintres,

418 1325 471 1363 Et
488 1324 583 1362 modo
604 1330 678 1360 tam
698 1320 820 1359 tardas
832 1317 996 1370 funibus
1014 1320 1066 1359 ire
1083 1325 1190 1358 rates.

314 1395 379 1435 ubi
403 1393 491 1433 vide
517 1388 766 1432 Passeratium.

370 1477 428 1506 11.
455 1465 556 1504 tenui
581 1459 813 1499 Teuthrantis
828 1459 868 1495 ίη
889 1453 1003 1504 unda]
1024 1455 1073 1494 ita
1092 1455 1191 1494 reete
1212 1465 1234 1492 a
1252 1453 1340 1493 Sca-

312 1517 432 1568 ligero
455 1512 689 1555 emendatum
714 1508 785 1547 fuit
817 1518 867 1546 ex
889 1505 1020 1559 vitiosa
1044 1504 1214 1545 codicum
1230 1513 1339 1550 ,vete-

317 1580 399 1608 rum
423 1567 613 1614 scriptura,
649 1562 690 1613 in
712 1558 842 1610 quibus
876 1558 936 1596 vel
964 1559 1139 1595 tentantis
1162 1557 1224 1595 vel
1260 1560 1338 1593 teu-

312 1621 424 1659 tantis
441 1646 451 1664 ,
487 1615 615 1654 titanis
632 1641 643 1659 ‚
684 1611 743 1648 vel
779 1610 944 1654 tentatis,
983 1614 1025 1646 ut
1059 1608 1100 1646 in
1128 1607 1331 1648 Vaticanis.

312 1670 485 1711 micantis
506 1668 543 1705 in
559 1662 813 1704 Borrichiano.
834 1660 1000 1698 metantis
1018 1657 1058 1696 in
1074 1659 1331 1707 Mente—liano,

312 1722 434 1772 primo
464 1715 570 1758 Leid.
601 1713 703 1753 Voss'.
734 1711 867 1756 tertiO‚
894 1708 929 1747 &
950 1709 1074 1759 primo
1096 1709 1260 1748 Dorvill.
1291 1709 1330 1748 in

311 1783 386 1822 quo
408 1767 682 1819 suprascriptum
706 1770 787 1802 erat
809 1761 1025 1808 temptantis.
1050 1762 1198 1799 tentatis
1219 1761 1329 1799 etiam

309 1825 350 1865 in
375 1823 488 1862 tertio
514 1818 548 1857 δι
574 1824 703 1867 quarto
730 1812 832 1853 Voii'.
862 1811 897 1850 &
920 1811 1079 1850 secundo
1101 1812 1266 1851 Dorvill.
1293 1811 1329 1851 &

310 1875 350 1913 in
372 1886 407 1912 v.
436 1883 468 1910 c.
502 1872 592 1909 Ant.
624 1865 785 1912 Perreji‚
812 1863 895 1914 qui,
925 1862 1004 1902 fere
1031 1869 1072 1901 ut
1101 1862 1326 1909 Beroaldus,

309 1922 568 1973 adscripserat,
587 1916 624 1968 fi
663 1919 762 1968 legas
791 1915 976 1959 Teutatis,
1014 1915 1083 1952 erit
1110 1926 1232 1953 nomen
1254 1915 1326 1953 bal-

310 1978 393 2024 nei,
421 1972 579 2023 itaforte
598 1968 687 2008 diui
712 1981 734 2006 a
763 1967 874 2006 tutela
904 1966 1105 2009 Mercurii,
1131 1967 1195 2014 qm·
1218 1966 1323 2004 Teu·

309 2037 405 2069 tates
426 2027 572 2065 dicitur.
599 2019 814 2060 Passeratius
841 2019 890 2054 ex
910 2027 946 2054 ν.
973 2026 1004 2053 c.
1033 2023 1067 2054 te
1071 2013 1246 2061 fluminis
1268 2017 1321 2055 al-

308 2092 379 2120 veo.
416 2076 514 2128 quod
545 2073 679 2111 merito
713 2067 844 2116 rejecit
869 2065 1130 2105 Broukhusius.
1155 2067 1347 2106 tentantiss

307 2131 361 2170 est
392 2131 428 2168 in
470 2121 628 2165 secundo
659 2131 747 2160 meo
776 2118 907 2158 codice
928 2146 938 2163 ,
975 2116 1037 2155 sed
1074 2121 1263 2156 tenuantis
1285 2119 1325 2155 in

306 2182 447 2232 primo,
475 2174 573 2228 quod
594 2173 810 2212 veriffimam
829 2168 1006 2217 scaligeri
1024 2167 1323 2218 emendationem

305 2224 436 2273 firmat.
459 2229 494 2268 ἃ
515 2238 564 2268 eo
579 2223 680 2265 ducit
698 2223 808 2263 lec‘tio
827 2219 964 2260 codicis
990 2219 1160 2265 Liveneji
1182 2219 1323 2258 tuttun-

304 2285 374 2330 οἱς,
404 2282 467 2332 qui
489 2279 639 2320 testatur
676 2274 893 2324 adscriptum
927 2268 1055 2316 fuisse,
1079 2268 1236 2308 indicari
1270 2271 1326 2309 in-

306 2335 418 2375 sulam
435 2364 444 2379 ‚
475 2332 540 2371 vel
587 2339 712 2367 arvum
735 2326 900 2365 fluvium.
927 2322 963 2362 61
990 2321 1038 2360 fic
1067 2330 1147 2361 erat
1166 2322 1205 2360 in
1224 2321 1322 2361 Vos-

305 2386 418 2432 ssano‘
441 2385 562 2423 secum
576 2392 612 2419 0.
640 2380 680 2418 in
704 2377 932 2419 Askewiano
958 2371 1146 2422 legebatur
1171 2380 1325 2421 tempan-

303 2439 371 2477 δίε.
399 2434 462 2476 sed
495 2436 532 2473 in
563 2442 674 2480 marg.
722 2427 948 2468 Theutarttis.
974 2422 1080 2464 fuiss'e
1113 2434 1208 2463 vero
1236 2433 1325 2463 tune

302 2488 506 2539 ignobilem
537 2483 716 2527 fluvium,
740 2480 803 2530 q'ui
833 2477 960 2529 postea
995 2475 1206 2521 evanuerit,
1249 2474 1325 2514 five

305 2540 494 2589 euripum,
522 2536 582 2574 vel
617 2533 789 2583 piscinam
814 2530 891 2578 agri
910 2526 1113 2576 campani.
1141 2537 1217 2564 non
1238 2536 1324 2576 pro-

304 2592 363 2634 cul
385 2604 404 2629 a
429 2590 540 2629 litore
572 2586 732 2632 Bajano,
769 2581 868 2620 reste
900 2578 1043 2627 colligit
1075 2576 1324 2616 Broukhufius

309 2651 357 2680 ex
374 2642 444 2679 illis
460 2671 470 2686 ‚
490 2640 642 2689 clausam
662 2635 765 2673 tenui
783 2630 1020 2683 'Teuthrantis
1038 2631 1078 2668 in
1103 2628 1212 2668 unda.
1238 2639 1320 2666 nam

305 2701 418 2739 aquae
455 2692 613 2736 Bajanae
632 2717 642 2732 ,
688 2683 854 2733 lacusque
894 2680 1098 2726 Lucrinus,
1142 2678 1178 2717 &
1230 2678 1322 2718 haec

306 2741 547 2790 Teuthrantis
585 2737 681 2777 unda
713 2734 818 2776 erant
845 2732 942 2783 quasi
975 2730 1114 2775 clausa,
1141 2729 1321 2779 oppofitis

305 2793 464 2837 molibus
492 2797 616 2827 contra
634 2785 808 2837 impetum
833 2785 961 2829 maris,
987 2787 1079 2832 aqua
1097 2781 1215 2820 veluti
1235 2792 1319 2831 cap-

304 2847 405 2888 tiva.
431 2840 530 2881 unde
566 2841 720 2879 Lucrino
746 2837 870 2881 addita
902 2831 1056 2885 claust-ra
1083 2831 1182 2885 apud¹
1213 2833 1318 2883 Virg.

305 2899 357 2938 ΙΙ.
386 2895 436 2933 G.
468 2898 555 2932 161.
1316 2891 1319 2895 ’

332 2967 334 2969 ’
359 2957 423 2996 An
435 2961 613 2991 memorem
632 2956 768 2996 portus,
785 2947 1007 2996 Lucrinoque
1019 2942 1144 2984 addita
1153 2940 1322 2995 claustra,

307 3015 342 3057 &
374 3014 458 3054 Lib.
485 3011 555 3050 IV.
585 3013 671 3056 364.
1169 3052 1172 3053 ⁷
1320 3043 1326 3052 .

321 3088 324 3089 ⁷
345 3068 602 3124 ‘Speluncisque
627 3068 726 3107 lacus
743 3061 891 3115 clausos,
919 3061 1074 3115 lucasque
1081 3061 1260 3115 sonantes.
1317 3109 1326 3116 .

1450 987 1606 1028 Tandem
1624 989 1737 1027 intrat
1753 984 1882 1037 paefitas
1897 986 2034 1040 inclissa
2051 994 2118 1038 per
2134 986 2415 1043 aequm‘s‘uolet.

1392 1069 1498 1120 supra
1525 1067 1585 1107 El.
1615 1067 1727 1107 Vm.
1753 1075 1790 1103 v.
1821 1059 1884 1114 24¹.
2301 1055 2308 1113 j

1443 1146 1572 1187 Dicite
1591 1146 1660 1197 que
1673 1151 1776 1195 portu
1799 1130 1920 1197 elausa
1938 1145 2060 1194 puella
2078 1157 2156 1185 mea
2180 1140 2244 1198 est.
2363 1154 2365 1159 ·
2383 1146 2401 1199 J

1398 1232 1427 1271 fi
1447 1242 1542 1270 vero
1559 1230 1696 1278 piscina
1722 1229 1838 1268 fuerit
1858 1230 1951 1266 haec
1969 1230 2211 1269 Teuthrantis
2227 1228 2344 1278 unda,
2363 1230 2416 1271 fn-

1396 1284 1448 1322 cit
1465 1283 1536 1323 huc
1555 1280 1831 1320 illudsenecae
1846 1278 1975 1329 Epist..
1987 1281 2074 1320 XC.
2101 1283 2243 1320 vivaria
2261 1281 2412 1334 piscina

1394 1332 1534 1385 clausa,
1566 1340 1609 1371 ut
1632 1327 1873 1380 tempestatum
1901 1332 2061 1379 pericula
2081 1345 2151 1371 non
2173 1332 2289 1372 adiret
2302 1336 2408 1385 gula,

1395 1384 1471 1426 Sed
1489 1383 1596 1423 fuiffe
1623 1383 1750 1434 potius
1770 1382 1961 1431 euripum.
1985 1383 2025 1422 in
2054 1394 2130 1433 quo
2149 1391 2290 1423 natatus
2309 1385 2411 1429 insti-

1390 1436 1612 1481 tuebantur,
1651 1432 1774 1472 suadet
1803 1433 1924 1472 minor
1954 1433 2100 1481 versus,
2126 1434 2189 1473 ubi
2221 1434 2301 1483 ejus
2320 1437 2411 1487 lym-

1390 1486 1463 1538 pha
1488 1484 1600 1535 facile
1625 1484 1743 1522 cedere
1772 1484 1928 1522 alternae
1954 1487 2080 1524 manui
2104 1483 2251 1527 dicitur.
2286 1487 2334 1529 fic
2355 1485 2404 1527 de

1390 1544 1540 1576 natante
1563 1533 1678 1574 Ovid.
1706 1535 1778 1572 IV.
1801 1535 1900 1572 Met.
1927 1543 2016 1580 353.
2040 1537 2244 1587 alternaque
2265 1538 2408 1578 brachia

1380 1589 1517 1628 'ducens
1559 1584 1606 1627 In
1646 1583 1797 1636 liquidis
1835 1584 2029 1623 translucet
2068 1588 2182 1636 aquis.
2222 1589 2263 1627 in
2301 1585 2410 1631 lblde
2445 1633 2447 1635 ,

1383 1651 1420 1679 v.
1450 1649 1537 1688 591.

1380 1746 1382 1748 »
1430 1717 1472 1757 Si
1493 1729 1563 1768 qua
1579 1723 1641 1766 per
1658 1716 1809 1755 alternos
1825 1713 2026 1771 pulsabitur
2046 1716 2144 1755 unda
2160 1717 2318 1759 lacertos.
2383 1766 2387 1769 ,

1380 1797 1420 1838 id
1437 1799 1579 1851 optime
1605 1796 1769 1851 firmatur
1789 1806 1837 1835 ex
1865 1794 2013 1837 Rutilio
2031 1795 2119 1835 Lib.
2142 1799 2172 1836 I.
2201 1799 2288 1838 ltin.
2310 1810 2400 1851 247.

1379 1850 1443 1890 ubi
1459 1857 1613 1900 portum
1639 1846 2001 1900 centumcellensem
2029 1857 2111 1900 cum
2138 1847 2217 1887 finu
2235 1850 2399 1900 Baiana,

1377 1901 1415 1942 &
1432 1901 1535 1951 aquis
1553 1898 1630 1938 illic
1646 1910 1715 1950 per
1736 1897 1855 1937 moles
1874 1897 2021 1945 inJ‘ectas
2043 1897 2189 1947 clausis,
2201 1897 2400 1953 conpara.-

1426 1989 1564 2046 anlt'sf
1578 1991 1618 2028 in
1646 1987 1814 2027 Euboicis
1831 1987 1971 2036 captiva
1989 1987 2173 2025 natatibus
2196 1987 2294 2029 amia

1477 2038 1637 2091 Sustinet
1656 2045 1788 2078 alterno
1808 2038 1952 2077 brachia
1976 2038 2071 2077 lenta
2083 2036 2185 2091 sono.
2224 2075 2229 2078 .

1368 2122 1462 2170 'illud
1492 2130 1608 2169 enim'
1639 2125 1865 2167 adumbrasse
1909 2126 2094 2165 Rutilium
2134 2138 2183 2167 ex
2214 2129 2274 2168 his
2312 2131 2399 2181 Ipsis

1376 2182 1539 2223 versibus
1574 2179 1846 2229 Propertianis‚
1875 2188 1968 2228 quos
2000 2175 2161 2224 ibidem,
2190 2190 2395 2231 conparato

1375 2234 1494 2272 altero
1512 2230 1626 2271 nostri
1645 2232 1730 2269 loco
1753 2241 1800 2269 ex
1816 2229 1904 2267 Lib.
1926 2229 1997 2267 111.
2018 2227 2079 2267 El.
2100 2234 2160 2269 16.
2180 2230 2261 2272 init.
2290 2232 2398 2273 Clau-

1363 2284 1433 2337 sus
1467 2286 1510 2323 ab
1538 2281 1691 2334 umbroso
1724 2293 1795 2332 qua
1825 2280 1921 2319 ludit
1942 2285 2072 2328 pontus
2094 2281 2260 2329 Averno,
2286 2293 2394 2334 egre.

1373 2338 1431 2386 gia
1458 2334 1538 2374 luce
1580 2331 1771 2377 adfundit‚
1797 2330 1923 2371 Patrui
1949 2330 2025 2368 mei
2050 2338 2163 2370 notae
2188 2331 2390 2375 docebunt.

1373 2396 1514 2426 nomen
1536 2395 1631 2424 vero
1665 2382 1896 2427 Teuthrantis
1921 2382 1967 2420 in
1986 2381 2054 2419 hac
2079 2382 2302 2441 pampaniae
2321 2397 2388 2426 ora

1373 2449 1471 2530 3330
1485 2434 1782 2534 Ιῇἳςὲωέιιπῖβῗσι
1795 2441 2050 2530 {gissssffffig
2069 2432 2181 2522 eiissfn
2194 2433 2388 2534 {315qu

1373 2538 1473 2591 quod
1512 2538 1622 2578 Silius
1664 2536 1745 2577 Ital.
1786 2536 1855 2575 XI.
1897 2544 1986 2581 290.
2038 2534 2182 2583 Cymes
2227 2537 2387 2582 incolam

1373 2591 1539 2632 Euboica
1575 2587 1755 2631 testudine
1802 2586 2061 2636 personantem
2103 2585 2252 2628 inducat
2296 2588 2388 2628 Teu.

1371 2643 1546 2682 thrantem
1563 2668 1575 2686 ,
1616 2638 1702 2678 dum
1741 2637 1891 2689 Capuae
1929 2637 2141 2686 epularetur
2180 2638 2391 2690 Hannibal,

1370 2698 1509 2732 nomen
1541 2691 1612 2730 viri
1640 2701 1662 2727 a
1694 2689 1844 2728 flumine
1877 2686 2075 2726 deducens.
2112 2687 2199 2727 vide
2221 2689 2309 2729 >illic
2329 2692 2391 2733 Cl.

1373 2741 1670 2786 Drakenborchii
1724 2746 1844 2778 notas.
1899 2739 2145 2778 Teuthrantem
2183 2744 2284 2780 enim
2324 2740 2392 2781 flu-

1373 2797 1474 2836 vium
1506 2793 1611 2841 effe,
1651 2793 1737 2831 licet
1765 2791 1864 2830 illius
1907 2792 1971 2841 yix
2012 2791 2247 2831 meminerint
2284 2795 2387 2832 Geo-

1372 2847 1500 2898 graphi
1535 2851 1682 2885 ‘veteres
1702 2874 1711 2889 ‚
1750 2841 1891 2894 patebit
1925 2853 1972 2879 ex
1994 2837 2169 2881 casaub.
2188 2842 2232 2880 ad
2260 2843 2384 2886 Strab.

1374 2900 1460 2938 Lib.
1490 2898 1558 2937 VI.
1591 2907 1669 2947 pag.
1702 2906 1784 2941 123.
1817 2892 1876 2932 ed.
1919 2893 2029 2932 Paris.
2051 2903 2096 2930 an
2124 2893 2213 2932 olim
2248 2905 2387 2935 nomen

1374 2949 1543 2989 habuerit
1566 2959 1592 2986 a
1622 2947 1854 2986 Teummnte
1888 2945 2081 2994 Mysorum
2109 2955 2198 2994 rege
2219 2974 2230 2992 ‚
2268 2947 2386 2987 nolim

1373 3001 1575 3040 adfirmare.
1599 2996 1648 3038 de
1665 3008 1714 3038 eo
1734 2996 1807 3038 vid.
1827 2995 1998 3037 Holsten.
2016 2994 2063 3045 ad
2080 2994 2209 3045 steph.
2232 2998 2388 3047 Byzant-

1370 3064 1409 3106 ρ.
1439 3063 1527 3102 320.

2228 3111 2297 3148 12.
2319 3108 2391 3147 Al.
