<?xml version="1.0" encoding="UTF-8"?>
<!DOCTYPE html PUBLIC "-//W3C//DTD XHTML 1.0 Transitional//EN"
    "http://www.w3.org/TR/xhtml1/DTD/xhtml1-transitional.dtd">
<html xmlns="http://www.w3.org/1999/xhtml" xml:lang="en" lang="en">
 <head>
  <title>
</title>
<meta http-equiv="Content-Type" content="text/html;charset=utf-8" />
  <meta name='ocr-system' content='tesseract 3.04.00' />
  <meta name='ocr-capabilities' content='ocr_page ocr_carea ocr_par ocr_line ocrx_word'/>
</head>
<body>
  <div class='ocr_page' id='page_1' title='image "./elegiarumlibri4c00propuoft_0315.png"; bbox 0 0 2586 3658; ppageno 0'>
   <div class='ocr_carea' id='block_1_1' title="bbox 375 281 1160 374">
    <p class='ocr_par' dir='ltr' id='par_1_1' title="bbox 375 281 1160 374">
     <span class='ocr_line' id='line_1_1' title="bbox 375 281 1160 374; baseline -0.019 -22"><span class='ocrx_word' id='word_1_1' title='bbox 375 281 1160 374; x_wconf 72' lang='lat' dir='ltr'>ELEGIARVM</span> 
     </span>
    </p>
   </div>
   <div class='ocr_carea' id='block_1_2' title="bbox 1273 278 2238 372">
    <p class='ocr_par' dir='ltr' id='par_1_2' title="bbox 1273 278 2238 372">
     <span class='ocr_line' id='line_1_2' title="bbox 1273 278 2238 372; baseline 0.027 -38"><span class='ocrx_word' id='word_1_2' title='bbox 1273 278 1420 340; x_wconf 74' lang='lat' dir='ltr'>Lu.</span> <span class='ocrx_word' id='word_1_3' title='bbox 1462 283 1566 340; x_wconf 90' lang='lat'>11.-</span> <span class='ocrx_word' id='word_1_4' title='bbox 1623 279 1946 355; x_wconf 57' lang='lat' dir='ltr'>EL.‚v1r1.</span> <span class='ocrx_word' id='word_1_5' title='bbox 2122 306 2238 372; x_wconf 76' lang='lat'>285</span> 
     </span>
    </p>
   </div>
   <div class='ocr_carea' id='block_1_3' title="bbox 292 412 1995 491">
    <p class='ocr_par' dir='ltr' id='par_1_3' title="bbox 292 412 1995 491">
     <span class='ocr_line' id='line_1_3' title="bbox 292 412 1995 491; baseline 0.002 -15"><span class='ocrx_word' id='word_1_6' title='bbox 292 423 300 455; x_wconf 71' lang='lat'><em>⁵</em></span> <span class='ocrx_word' id='word_1_7' title='bbox 370 419 637 479; x_wconf 89' lang='lat' dir='ltr'>Nondum</span> <span class='ocrx_word' id='word_1_8' title='bbox 667 417 828 482; x_wconf 79' lang='lat' dir='ltr'>etiam</span> <span class='ocrx_word' id='word_1_9' title='bbox 852 412 1108 467; x_wconf 81' lang='lat' dir='ltr'>Ascraeos</span> <span class='ocrx_word' id='word_1_10' title='bbox 1138 422 1340 468; x_wconf 88' lang='lat' dir='ltr'>norunt</span> <span class='ocrx_word' id='word_1_11' title='bbox 1369 425 1487 468; x_wconf 86' lang='lat' dir='ltr'>mea</span> <span class='ocrx_word' id='word_1_12' title='bbox 1515 418 1748 476; x_wconf 81' lang='lat' dir='ltr'>carmina</span> <span class='ocrx_word' id='word_1_13' title='bbox 1775 419 1958 481; x_wconf 87' lang='lat' dir='ltr'>fontes</span> <span class='ocrx_word' id='word_1_14' title='bbox 1975 460 1995 491; x_wconf 85' lang='lat'><strong>,</strong></span> 
     </span>
    </p>
   </div>
   <div class='ocr_carea' id='block_1_4' title="bbox 239 513 329 569">
    <p class='ocr_par' dir='ltr' id='par_1_4' title="bbox 239 513 329 569">
     <span class='ocr_line' id='line_1_4' title="bbox 239 513 329 569; baseline -0.011 -16"><span class='ocrx_word' id='word_1_15' title='bbox 239 513 329 569; x_wconf 85' lang='lat'>30.</span> 
     </span>
    </p>
   </div>
   <div class='ocr_carea' id='block_1_5' title="bbox 145 721 718 773">
    <p class='ocr_par' dir='ltr' id='par_1_5' title="bbox 145 721 718 773">
     <span class='ocr_line' id='line_1_5' title="bbox 145 721 718 773; baseline -0.003 -10"><span class='ocrx_word' id='word_1_16' title='bbox 145 724 217 763; x_wconf 82' lang='lat' dir='ltr'>hoc</span> <span class='ocrx_word' id='word_1_17' title='bbox 237 724 308 769; x_wconf 89' lang='lat' dir='ltr'>est,</span> <span class='ocrx_word' id='word_1_18' title='bbox 337 722 542 773; x_wconf 83' lang='lat' dir='ltr'>interprete</span> <span class='ocrx_word' id='word_1_19' title='bbox 559 721 718 768; x_wconf 87' lang='lat' dir='ltr'>Grotio,</span> 
     </span>
    </p>
   </div>
   <div class='ocr_carea' id='block_1_6' title="bbox 188 790 1052 895">
    <p class='ocr_par' dir='ltr' id='par_1_6' title="bbox 188 790 1052 895">
     <span class='ocr_line' id='line_1_6' title="bbox 188 790 1052 838; baseline -0.005 -6"><span class='ocrx_word' id='word_1_20' title='bbox 188 793 319 832; x_wconf 79' lang='lat' dir='ltr'>Multa</span> <span class='ocrx_word' id='word_1_21' title='bbox 341 793 416 829; x_wconf 79' lang='lat' dir='ltr'>tuis</span> <span class='ocrx_word' id='word_1_22' title='bbox 438 794 511 831; x_wconf 82' lang='lat' dir='ltr'>aris</span> <span class='ocrx_word' id='word_1_23' title='bbox 531 792 680 831; x_wconf 77' lang='lat' dir='ltr'><strong><em>adolebit</em></strong></span> <span class='ocrx_word' id='word_1_24' title='bbox 699 791 806 830; x_wconf 79' lang='lat' dir='ltr'>thura</span> <span class='ocrx_word' id='word_1_25' title='bbox 834 790 1052 838; x_wconf 80' lang='lat' dir='ltr'><em>Philippus,</em></span> 
     </span>
     <span class='ocr_line' id='line_1_7' title="bbox 235 840 1015 895; baseline -0.004 -14"><span class='ocrx_word' id='word_1_26' title='bbox 235 843 278 881; x_wconf 85' lang='lat' dir='ltr'>Si</span> <span class='ocrx_word' id='word_1_27' title='bbox 293 840 402 892; x_wconf 85' lang='lat' dir='ltr'>ferus</span> <span class='ocrx_word' id='word_1_28' title='bbox 419 842 477 881; x_wconf 81' lang='lat' dir='ltr'>hic</span> <span class='ocrx_word' id='word_1_29' title='bbox 496 851 622 882; x_wconf 77' lang='lat' dir='ltr'>taurus</span> <span class='ocrx_word' id='word_1_30' title='bbox 641 843 787 882; x_wconf 71' lang='grc' dir='ltr'><em>νίᾶίηια</em></span> <span class='ocrx_word' id='word_1_31' title='bbox 809 841 1015 895; x_wconf 60' lang='lat' dir='ltr'>caesa&#39;liret.</span> 
     </span>
    </p>
   </div>
   <div class='ocr_carea' id='block_1_7' title="bbox 122 908 1166 1266">
    <p class='ocr_par' dir='ltr' id='par_1_7' title="bbox 122 908 1166 1266">
     <span class='ocr_line' id='line_1_8' title="bbox 137 908 1166 965; baseline -0.006 -12"><span class='ocrx_word' id='word_1_32' title='bbox 137 912 312 965; x_wconf 84' lang='lat' dir='ltr'>aptiffima</span> <span class='ocrx_word' id='word_1_33' title='bbox 330 923 420 962; x_wconf 84' lang='lat' dir='ltr'>ergo</span> <span class='ocrx_word' id='word_1_34' title='bbox 443 912 680 963; x_wconf 81' lang='lat' dir='ltr'>oppofitione</span> <span class='ocrx_word' id='word_1_35' title='bbox 710 912 924 963; x_wconf 85' lang='lat' dir='ltr'>Propertius</span> <span class='ocrx_word' id='word_1_36' title='bbox 950 908 1166 956; x_wconf 50' lang='lat' dir='ltr'>dicitjsua-</span> 
     </span>
     <span class='ocr_line' id='line_1_9' title="bbox 138 960 1162 1012; baseline -0.008 -7"><span class='ocrx_word' id='word_1_37' title='bbox 138 977 218 1005; x_wconf 85' lang='lat' dir='ltr'>rum</span> <span class='ocrx_word' id='word_1_38' title='bbox 246 964 459 1004; x_wconf 83' lang='lat' dir='ltr'>facultatum</span> <span class='ocrx_word' id='word_1_39' title='bbox 493 974 570 1002; x_wconf 90' lang='lat' dir='ltr'>non</span> <span class='ocrx_word' id='word_1_40' title='bbox 597 962 673 1002; x_wconf 82' lang='lat' dir='ltr'>ess&#39;e</span> <span class='ocrx_word' id='word_1_41' title='bbox 698 971 843 1002; x_wconf 79' lang='lat' dir='ltr'>taurum</span> <span class='ocrx_word' id='word_1_42' title='bbox 864 992 874 1009; x_wconf 97' lang='lat'>,</span> <span class='ocrx_word' id='word_1_43' title='bbox 915 960 1162 1012; x_wconf 86' lang='lat' dir='ltr'><strong>locupletibus</strong></span> 
     </span>
     <span class='ocr_line' id='line_1_10' title="bbox 135 1012 1164 1067; baseline -0.006 -12"><span class='ocrx_word' id='word_1_44' title='bbox 135 1015 286 1067; x_wconf 82' lang='lat' dir='ltr'>dignum</span> <span class='ocrx_word' id='word_1_45' title='bbox 313 1014 546 1062; x_wconf 86' lang='lat' dir='ltr'>sacrificium,</span> <span class='ocrx_word' id='word_1_46' title='bbox 578 1013 639 1054; x_wconf 90' lang='lat' dir='ltr'>sed</span> <span class='ocrx_word' id='word_1_47' title='bbox 668 1014 796 1059; x_wconf 74' lang='lat' dir='ltr'>thura,</span> <span class='ocrx_word' id='word_1_48' title='bbox 822 1023 916 1062; x_wconf 85' lang='lat' dir='ltr'>quae</span> <span class='ocrx_word' id='word_1_49' title='bbox 949 1012 1164 1061; x_wconf 80' lang='lat' dir='ltr'><em>pauperibus</em></span> 
     </span>
     <span class='ocr_line' id='line_1_11' title="bbox 122 1060 1158 1121; baseline -0.006 -15"><span class='ocrx_word' id='word_1_50' title='bbox 122 1067 242 1121; x_wconf 76' lang='lat' dir='ltr'>sacris</span> <span class='ocrx_word' id='word_1_51' title='bbox 268 1064 519 1115; x_wconf 76' lang='lat' dir='ltr'>conveniunt,</span> <span class='ocrx_word' id='word_1_52' title='bbox 560 1076 632 1116; x_wconf 87' lang='lat' dir='ltr'>pro</span> <span class='ocrx_word' id='word_1_53' title='bbox 667 1065 847 1104; x_wconf 84' lang='lat' dir='ltr'>felicitate</span> <span class='ocrx_word' id='word_1_54' title='bbox 872 1063 1045 1113; x_wconf 86' lang='lat' dir='ltr'>Augusti,</span> <span class='ocrx_word' id='word_1_55' title='bbox 1072 1060 1158 1102; x_wconf 88' lang='lat' dir='ltr'>Diis</span> 
     </span>
     <span class='ocr_line' id='line_1_12' title="bbox 137 1112 1158 1165; baseline -0.008 -6"><span class='ocrx_word' id='word_1_56' title='bbox 137 1120 176 1159; x_wconf 81' lang='lat' dir='ltr'>se</span> <span class='ocrx_word' id='word_1_57' title='bbox 195 1117 356 1164; x_wconf 82' lang='lat' dir='ltr'>offerre,</span> <span class='ocrx_word' id='word_1_58' title='bbox 383 1127 424 1159; x_wconf 89' lang='lat' dir='ltr'>ut</span> <span class='ocrx_word' id='word_1_59' title='bbox 451 1117 544 1158; x_wconf 84' lang='lat' dir='ltr'>haec</span> <span class='ocrx_word' id='word_1_60' title='bbox 566 1116 690 1165; x_wconf 80' lang='lat' dir='ltr'>pamm</span> <span class='ocrx_word' id='word_1_61' title='bbox 719 1122 974 1165; x_wconf 83' lang='lat' dir='ltr'>opponuntur.</span> <span class='ocrx_word' id='word_1_62' title='bbox 995 1112 1046 1151; x_wconf 41' lang='lat' dir='ltr'>*ad</span> <span class='ocrx_word' id='word_1_63' title='bbox 1077 1114 1158 1152; x_wconf 86' lang='lat' dir='ltr'>sen·</span> 
     </span>
     <span class='ocr_line' id='line_1_13' title="bbox 135 1164 1152 1260; baseline -0.007 -52"><span class='ocrx_word' id='word_1_64' title='bbox 135 1171 210 1260; x_wconf 31' lang='lat' dir='ltr'>suan</span> <span class='ocrx_word' id='word_1_65' title='bbox 232 1169 422 1258; x_wconf 49' lang='lat' dir='ltr'>&amp;opertu</span> <span class='ocrx_word' id='word_1_66' title='bbox 452 1169 600 1219; x_wconf 80' lang='lat' dir='ltr'>egregie</span> <span class='ocrx_word' id='word_1_67' title='bbox 630 1167 720 1207; x_wconf 87' lang='lat' dir='ltr'>facit</span> <span class='ocrx_word' id='word_1_68' title='bbox 748 1168 851 1205; x_wconf 88' lang='lat' dir='ltr'>locus</span> <span class='ocrx_word' id='word_1_69' title='bbox 885 1164 1031 1204; x_wconf 83' lang='lat' dir='ltr'>Tibulli</span> <span class='ocrx_word' id='word_1_70' title='bbox 1063 1165 1152 1204; x_wconf 87' lang='lat' dir='ltr'><strong>Lib.</strong></span> 
     </span>
     <span class='ocr_line' id='line_1_14' title="bbox 133 1223 499 1266; baseline -0.005 -7"><span class='ocrx_word' id='word_1_71' title='bbox 133 1223 153 1259; x_wconf 94' lang='grc'>1</span> <span class='ocrx_word' id='word_1_72' title='bbox 194 1247 204 1259; x_wconf 94' lang='grc'><strong>.</strong></span> <span class='ocrx_word' id='word_1_73' title='bbox 251 1240 257 1243; x_wconf 93' lang='grc'><strong>-</strong></span> <span class='ocrx_word' id='word_1_74' title='bbox 288 1230 354 1257; x_wconf 87' lang='lat' dir='ltr'>rm.</span> <span class='ocrx_word' id='word_1_75' title='bbox 378 1231 412 1258; x_wconf 89' lang='lat'>1.</span> <span class='ocrx_word' id='word_1_76' title='bbox 437 1231 499 1266; x_wconf 86' lang='lat'>14.</span> 
     </span>
    </p>
   </div>
   <div class='ocr_carea' id='block_1_8' title="bbox 185 1283 1162 1542">
    <p class='ocr_par' dir='ltr' id='par_1_8' title="bbox 185 1283 1162 1542">
     <span class='ocr_line' id='line_1_15' title="bbox 188 1283 1048 1337; baseline -0.013 -8"><span class='ocrx_word' id='word_1_77' title='bbox 188 1289 378 1337; x_wconf 79' lang='lat' dir='ltr'><em>Parvaque</em></span> <span class='ocrx_word' id='word_1_78' title='bbox 395 1283 553 1332; x_wconf 83' lang='lat' dir='ltr'>coelestes</span> <span class='ocrx_word' id='word_1_79' title='bbox 569 1287 728 1335; x_wconf 74' lang='lat' dir='ltr'>placavit</span> <span class='ocrx_word' id='word_1_80' title='bbox 748 1284 862 1327; x_wconf 76' lang='lat' dir='ltr'>mica3</span> <span class='ocrx_word' id='word_1_81' title='bbox 888 1293 951 1320; x_wconf 79' lang='lat' dir='ltr'>uec</span> <span class='ocrx_word' id='word_1_82' title='bbox 970 1283 1048 1322; x_wconf 76' lang='lat' dir='ltr'>illis</span> 
     </span>
     <span class='ocr_line' id='line_1_16' title="bbox 191 1330 1106 1388; baseline -0.008 -10"><span class='ocrx_word' id='word_1_83' title='bbox 191 1340 333 1388; x_wconf 82' lang='lat' dir='ltr'><em>Semper</em></span> <span class='ocrx_word' id='word_1_84' title='bbox 354 1338 515 1376; x_wconf 69' lang='lat' dir='ltr'>inaurato</span> <span class='ocrx_word' id='word_1_85' title='bbox 540 1345 667 1376; x_wconf 77' lang='lat' dir='ltr'>taurus</span> <span class='ocrx_word' id='word_1_86' title='bbox 687 1335 783 1374; x_wconf 78' lang='lat' dir='ltr'>ca‘lit</span> <span class='ocrx_word' id='word_1_87' title='bbox 808 1330 919 1383; x_wconf 69' lang='lat' dir='ltr'>hallia</span> <span class='ocrx_word' id='word_1_88' title='bbox 944 1344 1064 1372; x_wconf 85' lang='lat' dir='ltr'>cornu.</span> <span class='ocrx_word' id='word_1_89' title='bbox 1100 1353 1106 1357; x_wconf 87' lang='lat'><strong>·</strong></span> 
     </span>
     <span class='ocr_line' id='line_1_17' title="bbox 187 1384 1162 1440; baseline -0.009 -11"><span class='ocrx_word' id='word_1_90' title='bbox 187 1391 268 1430; x_wconf 85' lang='lat' dir='ltr'>Hic</span> <span class='ocrx_word' id='word_1_91' title='bbox 293 1402 358 1440; x_wconf 82' lang='lat' dir='ltr'>qua</span> <span class='ocrx_word' id='word_1_92' title='bbox 380 1400 424 1427; x_wconf 90' lang='lat' dir='ltr'>ue</span> <span class='ocrx_word' id='word_1_93' title='bbox 447 1386 501 1438; x_wconf 74' lang='lat' dir='ltr'>fit</span> <span class='ocrx_word' id='word_1_94' title='bbox 530 1395 658 1440; x_wconf 79' lang='lat' dir='ltr'>gratus</span> <span class='ocrx_word' id='word_1_95' title='bbox 691 1393 824 1434; x_wconf 79' lang='lat' dir='ltr'>parvus</span> <span class='ocrx_word' id='word_1_96' title='bbox 856 1385 972 1429; x_wconf 85' lang='lat' dir='ltr'>labor,</span> <span class='ocrx_word' id='word_1_97' title='bbox 1011 1390 1054 1421; x_wconf 77' lang='lat' dir='ltr'>ut</span> <span class='ocrx_word' id='word_1_98' title='bbox 1092 1384 1162 1422; x_wconf 75' lang='lat' dir='ltr'>tibi</span> 
     </span>
     <span class='ocr_line' id='line_1_18' title="bbox 185 1448 1077 1542; baseline -0.013 -11"><span class='ocrx_word' id='word_1_99' title='bbox 185 1491 274 1531; x_wconf 81' lang='lat' dir='ltr'>Inde</span> <span class='ocrx_word' id='word_1_100' title='bbox 293 1448 577 1542; x_wconf 53' lang='lat' dir='ltr'>aplgognaliqsque</span> <span class='ocrx_word' id='word_1_101' title='bbox 598 1488 725 1527; x_wconf 65' lang='lat' dir='ltr'>memo?</span> <span class='ocrx_word' id='word_1_102' title='bbox 740 1491 925 1533; x_wconf 77' lang='lat' dir='ltr'><em>conponere</em></span> <span class='ocrx_word' id='word_1_103' title='bbox 946 1482 1077 1542; x_wconf 72' lang='lat' dir='ltr'>versus.</span> 
     </span>
    </p>
   </div>
   <div class='ocr_carea' id='block_1_9' title="bbox 131 1558 761 1608">
    <p class='ocr_par' dir='ltr' id='par_1_9' title="bbox 131 1558 761 1608">
     <span class='ocr_line' id='line_1_19' title="bbox 131 1558 761 1608; baseline -0.021 0"><span class='ocrx_word' id='word_1_104' title='bbox 131 1559 291 1608; x_wconf 77' lang='lat' dir='ltr'>Ovidius</span> <span class='ocrx_word' id='word_1_105' title='bbox 314 1560 402 1604; x_wconf 82' lang='lat' dir='ltr'>Lib.</span> <span class='ocrx_word' id='word_1_106' title='bbox 427 1563 482 1601; x_wconf 81' lang='grc' dir='ltr'>ΙΙ.</span> <span class='ocrx_word' id='word_1_107' title='bbox 509 1558 623 1599; x_wconf 86' lang='lat' dir='ltr'>Trist.</span> <span class='ocrx_word' id='word_1_108' title='bbox 655 1569 716 1608; x_wconf 82' lang='lat'>75.</span> <span class='ocrx_word' id='word_1_109' title='bbox 759 1586 761 1588; x_wconf 75' lang='lat'><em>-</em></span> 
     </span>
    </p>
   </div>
   <div class='ocr_carea' id='block_1_10' title="bbox 148 1626 1156 1734">
    <p class='ocr_par' dir='ltr' id='par_1_10' title="bbox 148 1626 1156 1734">
     <span class='ocr_line' id='line_1_20' title="bbox 148 1626 1156 1683; baseline -0.009 -8"><span class='ocrx_word' id='word_1_110' title='bbox 148 1635 253 1675; x_wconf 79' lang='lat' dir='ltr'>.·Sea</span> <span class='ocrx_word' id='word_1_111' title='bbox 267 1634 382 1673; x_wconf 62' lang='lat' dir='ltr'>tarmen</span> <span class='ocrx_word' id='word_1_112' title='bbox 409 1632 454 1671; x_wconf 58' lang='grc' dir='ltr'>αξ</span> <span class='ocrx_word' id='word_1_113' title='bbox 474 1629 562 1683; x_wconf 85' lang='lat' dir='ltr'>fusa</span> <span class='ocrx_word' id='word_1_114' title='bbox 582 1638 764 1669; x_wconf 80' lang='lat' dir='ltr'>taurorum</span> <span class='ocrx_word' id='word_1_115' title='bbox 779 1626 967 1679; x_wconf 82' lang='lat' dir='ltr'>sanguine</span> <span class='ocrx_word' id='word_1_116' title='bbox 994 1632 1156 1673; x_wconf 75' lang='lat' dir='ltr'>centum,</span> 
     </span>
     <span class='ocr_line' id='line_1_21' title="bbox 231 1677 1035 1734; baseline -0.012 -10"><span class='ocrx_word' id='word_1_117' title='bbox 231 1686 293 1725; x_wconf 83' lang='lat' dir='ltr'>Sic</span> <span class='ocrx_word' id='word_1_118' title='bbox 312 1686 454 1734; x_wconf 80' lang='lat' dir='ltr'>capitur</span> <span class='ocrx_word' id='word_1_119' title='bbox 474 1685 620 1722; x_wconf 81' lang='lat' dir='ltr'>minimo</span> <span class='ocrx_word' id='word_1_120' title='bbox 636 1681 755 1720; x_wconf 81' lang='lat' dir='ltr'>thuris</span> <span class='ocrx_word' id='word_1_121' title='bbox 771 1681 895 1718; x_wconf 82' lang='lat' dir='ltr'><strong><em>honore</em></strong></span> <span class='ocrx_word' id='word_1_122' title='bbox 917 1677 1035 1715; x_wconf 87' lang='lat' dir='ltr'>Deus.</span> 
     </span>
    </p>
   </div>
   <div class='ocr_carea' id='block_1_11' title="bbox 129 1755 646 1805">
    <p class='ocr_par' dir='ltr' id='par_1_11' title="bbox 129 1755 646 1805">
     <span class='ocr_line' id='line_1_22' title="bbox 129 1755 646 1805; baseline -0.015 -6"><span class='ocrx_word' id='word_1_123' title='bbox 129 1758 167 1799; x_wconf 72' lang='grc' dir='ltr'>ἂ</span> <span class='ocrx_word' id='word_1_124' title='bbox 191 1758 264 1798; x_wconf 88' lang='lat' dir='ltr'>IV.</span> <span class='ocrx_word' id='word_1_125' title='bbox 288 1767 336 1797; x_wconf 86' lang='lat' dir='ltr'>ex</span> <span class='ocrx_word' id='word_1_126' title='bbox 358 1756 402 1795; x_wconf 89' lang='lat' dir='ltr'>P.</span> <span class='ocrx_word' id='word_1_127' title='bbox 425 1755 498 1805; x_wconf 82' lang='lat' dir='ltr'>Ep.</span> <span class='ocrx_word' id='word_1_128' title='bbox 521 1757 556 1795; x_wconf 90' lang='lat'>8.</span> <span class='ocrx_word' id='word_1_129' title='bbox 584 1763 646 1802; x_wconf 86' lang='lat'>39.</span> 
     </span>
    </p>
   </div>
   <div class='ocr_carea' id='block_1_12' title="bbox 180 1820 1163 2029">
    <p class='ocr_par' dir='ltr' id='par_1_12' title="bbox 180 1820 1163 2029">
     <span class='ocr_line' id='line_1_23' title="bbox 180 1820 1088 1876; baseline -0.014 -9"><span class='ocrx_word' id='word_1_130' title='bbox 180 1827 266 1867; x_wconf 87' lang='lat' dir='ltr'>Nec</span> <span class='ocrx_word' id='word_1_131' title='bbox 284 1837 372 1876; x_wconf 88' lang='lat' dir='ltr'>quae</span> <span class='ocrx_word' id='word_1_132' title='bbox 396 1825 437 1862; x_wconf 88' lang='lat' dir='ltr'>de</span> <span class='ocrx_word' id='word_1_133' title='bbox 455 1831 562 1871; x_wconf 77' lang='lat' dir='ltr'>parva</span> <span class='ocrx_word' id='word_1_134' title='bbox 581 1822 662 1860; x_wconf 81' lang='lat' dir='ltr'>Dls</span> <span class='ocrx_word' id='word_1_135' title='bbox 676 1828 808 1869; x_wconf 84' lang='lat' dir='ltr'><em>pauper</em></span> <span class='ocrx_word' id='word_1_136' title='bbox 833 1820 920 1857; x_wconf 75' lang='lat' dir='ltr'>libat</span> <span class='ocrx_word' id='word_1_137' title='bbox 946 1824 1066 1856; x_wconf 74' lang='lat' dir='ltr'>acerra</span> <span class='ocrx_word' id='word_1_138' title='bbox 1078 1845 1088 1861; x_wconf 91' lang='lat'>,</span> 
     </span>
     <span class='ocr_line' id='line_1_24' title="bbox 247 1868 1156 1922; baseline -0.015 -6"><span class='ocrx_word' id='word_1_139' title='bbox 247 1877 375 1915; x_wconf 80' lang='lat' dir='ltr'><strong><em>Thura</em></strong></span> <span class='ocrx_word' id='word_1_140' title='bbox 386 1877 504 1914; x_wconf 80' lang='lat' dir='ltr'>minus</span> <span class='ocrx_word' id='word_1_141' title='bbox 514 1902 525 1919; x_wconf 86' lang='lat'><em>,</em></span> <span class='ocrx_word' id='word_1_142' title='bbox 539 1873 673 1922; x_wconf 80' lang='lat' dir='ltr'>grandi</span> <span class='ocrx_word' id='word_1_143' title='bbox 681 1884 785 1921; x_wconf 80' lang='lat' dir='ltr'>quam</span> <span class='ocrx_word' id='word_1_144' title='bbox 794 1871 877 1908; x_wconf 77' lang='lat' dir='ltr'>data</span> <span class='ocrx_word' id='word_1_145' title='bbox 893 1870 990 1906; x_wconf 89' lang='lat' dir='ltr'>lance</span> <span class='ocrx_word' id='word_1_146' title='bbox 1000 1896 1010 1913; x_wconf 92' lang='lat'><strong>‚</strong></span> <span class='ocrx_word' id='word_1_147' title='bbox 1026 1868 1156 1904; x_wconf 75' lang='lat' dir='ltr'>valent.</span> 
     </span>
     <span class='ocr_line' id='line_1_25' title="bbox 187 1913 1163 2029; baseline -0.015 -60"><span class='ocrx_word' id='word_1_148' title='bbox 187 1931 457 2029; x_wconf 50' lang='lat' dir='ltr'>Agnaquzfiaom</span> <span class='ocrx_word' id='word_1_149' title='bbox 478 1924 609 1963; x_wconf 58' lang='lat' dir='ltr'>taciens</span> <span class='ocrx_word' id='word_1_150' title='bbox 620 1951 631 1978; x_wconf 63' lang='lat'>3</span> <span class='ocrx_word' id='word_1_151' title='bbox 655 1934 759 1972; x_wconf 70' lang='lat' dir='ltr'>quam</span> <span class='ocrx_word' id='word_1_152' title='bbox 775 1921 939 1972; x_wconf 76' lang='lat' dir='ltr'>gramine</span> <span class='ocrx_word' id='word_1_153' title='bbox 953 1913 1053 1967; x_wconf 79' lang='lat' dir='ltr'>pasta</span> <span class='ocrx_word' id='word_1_154' title='bbox 1083 1916 1163 1985; x_wconf 11' lang='lat' dir='ltr'>Fa·-</span> 
     </span>
    </p>
   </div>
   <div class='ocr_carea' id='block_1_13' title="bbox 239 2017 931 2076">
    <p class='ocr_par' dir='ltr' id='par_1_13' title="bbox 239 2017 931 2076">
     <span class='ocr_line' id='line_1_26' title="bbox 239 2017 931 2076; baseline -0.016 -6"><span class='ocrx_word' id='word_1_155' title='bbox 239 2024 394 2070; x_wconf 71' lang='lat' dir='ltr'>Vifflma</span> <span class='ocrx_word' id='word_1_156' title='bbox 419 2026 585 2076; x_wconf 85' lang='lat' dir='ltr'>Tarpejos</span> <span class='ocrx_word' id='word_1_157' title='bbox 606 2017 722 2075; x_wconf 74' lang='lat' dir='ltr'>inficit</span> <span class='ocrx_word' id='word_1_158' title='bbox 739 2020 931 2072; x_wconf 63' lang='lat' dir='ltr'>iffafocos.</span> 
     </span>
    </p>
   </div>
   <div class='ocr_carea' id='block_1_14' title="bbox 135 2094 1163 2315">
    <p class='ocr_par' dir='ltr' id='par_1_14' title="bbox 135 2094 1163 2315">
     <span class='ocr_line' id='line_1_27' title="bbox 135 2094 1160 2154; baseline -0.019 -1"><span class='ocrx_word' id='word_1_159' title='bbox 135 2109 199 2154; x_wconf 79' lang='lat' dir='ltr'>sed</span> <span class='ocrx_word' id='word_1_160' title='bbox 235 2109 328 2148; x_wconf 83' lang='lat' dir='ltr'>haec</span> <span class='ocrx_word' id='word_1_161' title='bbox 364 2103 542 2145; x_wconf 88' lang='lat' dir='ltr'>sufficiant</span> <span class='ocrx_word' id='word_1_162' title='bbox 573 2101 618 2141; x_wconf 84' lang='lat' dir='ltr'>ad</span> <span class='ocrx_word' id='word_1_163' title='bbox 649 2103 825 2151; x_wconf 81' lang='lat' dir='ltr'>optimam</span> <span class='ocrx_word' id='word_1_164' title='bbox 857 2094 1160 2137; x_wconf 83' lang='lat' dir='ltr'>emendationem</span> 
     </span>
     <span class='ocr_line' id='line_1_28' title="bbox 135 2147 1158 2204; baseline -0.02 0"><span class='ocrx_word' id='word_1_165' title='bbox 135 2156 438 2204; x_wconf 79' lang='lat' dir='ltr'>confirmandam.</span> <span class='ocrx_word' id='word_1_166' title='bbox 458 2155 566 2194; x_wconf 84' lang='lat' dir='ltr'>aliter</span> <span class='ocrx_word' id='word_1_167' title='bbox 588 2152 805 2203; x_wconf 83' lang='lat' dir='ltr'>Clercquius</span> <span class='ocrx_word' id='word_1_168' title='bbox 833 2149 872 2188; x_wconf 90' lang='lat' dir='ltr'>in</span> <span class='ocrx_word' id='word_1_169' title='bbox 901 2147 1112 2188; x_wconf 88' lang='lat' dir='ltr'>Prodromo</span> <span class='ocrx_word' id='word_1_170' title='bbox 1127 2149 1158 2184; x_wconf 87' lang='grc' dir='ltr'>Ι.</span> 
     </span>
     <span class='ocr_line' id='line_1_29' title="bbox 135 2198 1163 2255; baseline -0.017 0"><span class='ocrx_word' id='word_1_171' title='bbox 135 2214 299 2255; x_wconf 80' lang='lat' dir='ltr'>observ.</span> <span class='ocrx_word' id='word_1_172' title='bbox 327 2207 375 2247; x_wconf 88' lang='lat' dir='ltr'>ad</span> <span class='ocrx_word' id='word_1_173' title='bbox 403 2209 594 2248; x_wconf 87' lang='lat' dir='ltr'>Lucanum</span> <span class='ocrx_word' id='word_1_174' title='bbox 613 2213 695 2255; x_wconf 84' lang='lat' dir='ltr'>pag.</span> <span class='ocrx_word' id='word_1_175' title='bbox 725 2214 760 2252; x_wconf 84' lang='lat'>7.</span> <span class='ocrx_word' id='word_1_176' title='bbox 786 2199 851 2253; x_wconf 87' lang='lat' dir='ltr'>qui</span> <span class='ocrx_word' id='word_1_177' title='bbox 878 2198 1050 2249; x_wconf 85' lang='lat' dir='ltr'>scripfiffe</span> <span class='ocrx_word' id='word_1_178' title='bbox 1070 2199 1163 2248; x_wconf 73' lang='lat' dir='ltr'>poe-</span> 
     </span>
     <span class='ocr_line' id='line_1_30' title="bbox 138 2261 468 2315; baseline -0.024 -10"><span class='ocrx_word' id='word_1_179' title='bbox 138 2272 211 2305; x_wconf 85' lang='lat' dir='ltr'>tam</span> <span class='ocrx_word' id='word_1_180' title='bbox 237 2261 403 2315; x_wconf 89' lang='lat' dir='ltr'>putabat‚</span> <span class='ocrx_word' id='word_1_181' title='bbox 457 2261 468 2267; x_wconf 70' lang='grc'><em>“</em></span> 
     </span>
    </p>
   </div>
   <div class='ocr_carea' id='block_1_15' title="bbox 183 2321 1094 2438">
    <p class='ocr_par' dir='ltr' id='par_1_15' title="bbox 183 2321 1094 2438">
     <span class='ocr_line' id='line_1_31' title="bbox 183 2321 1094 2379; baseline -0.019 -4"><span class='ocrx_word' id='word_1_182' title='bbox 183 2334 245 2375; x_wconf 82' lang='lat' dir='ltr'>Sic</span> <span class='ocrx_word' id='word_1_183' title='bbox 263 2345 346 2379; x_wconf 84' lang='lat' dir='ltr'>nos,</span> <span class='ocrx_word' id='word_1_184' title='bbox 376 2342 471 2370; x_wconf 82' lang='lat' dir='ltr'>nunc</span> <span class='ocrx_word' id='word_1_185' title='bbox 489 2331 609 2378; x_wconf 78' lang='lat' dir='ltr'>inopes</span> <span class='ocrx_word' id='word_1_186' title='bbox 623 2327 720 2366; x_wconf 74' lang='lat' dir='ltr'>lauto</span> <span class='ocrx_word' id='word_1_187' title='bbox 747 2321 950 2364; x_wconf 78' lang='lat' dir='ltr'>contendere</span> <span class='ocrx_word' id='word_1_188' title='bbox 973 2321 1094 2367; x_wconf 79' lang='lat' dir='ltr'>cultu,</span> 
     </span>
     <span class='ocr_line' id='line_1_32' title="bbox 233 2376 682 2438; baseline -0.018 -13"><span class='ocrx_word' id='word_1_189' title='bbox 233 2383 457 2438; x_wconf 68' lang='lat' dir='ltr'>Pauperibus</span> <span class='ocrx_word' id='word_1_190' title='bbox 470 2380 590 2435; x_wconf 82' lang='lat' dir='ltr'>sacris</span> <span class='ocrx_word' id='word_1_191' title='bbox 613 2376 682 2418; x_wconf 71' lang='grc' dir='ltr'>ἃς.</span> 
     </span>
    </p>
   </div>
   <div class='ocr_carea' id='block_1_16' title="bbox 131 2443 1162 3063">
    <p class='ocr_par' dir='ltr' id='par_1_16' title="bbox 131 2443 1162 3063">
     <span class='ocr_line' id='line_1_33' title="bbox 133 2443 1159 2508; baseline -0.013 -12"><span class='ocrx_word' id='word_1_192' title='bbox 133 2465 184 2497; x_wconf 79' lang='lat' dir='ltr'>ex</span> <span class='ocrx_word' id='word_1_193' title='bbox 201 2456 260 2495; x_wconf 83' lang='lat' dir='ltr'>his</span> <span class='ocrx_word' id='word_1_194' title='bbox 280 2454 392 2508; x_wconf 86' lang='lat' dir='ltr'>eligat</span> <span class='ocrx_word' id='word_1_195' title='bbox 410 2452 547 2500; x_wconf 66' lang='lat' dir='ltr'>lector,</span> <span class='ocrx_word' id='word_1_196' title='bbox 562 2448 663 2500; x_wconf 86' lang='lat' dir='ltr'>quod</span> <span class='ocrx_word' id='word_1_197' title='bbox 679 2447 918 2488; x_wconf 73' lang='lat' dir='ltr'>salubriorem</span> <span class='ocrx_word' id='word_1_198' title='bbox 940 2455 1051 2497; x_wconf 88' lang='lat' dir='ltr'>opem</span> <span class='ocrx_word' id='word_1_199' title='bbox 1071 2443 1159 2483; x_wconf 91' lang='lat' dir='ltr'>loco</span> 
     </span>
     <span class='ocr_line' id='line_1_34' title="bbox 131 2497 1162 2555; baseline -0.013 -9"><span class='ocrx_word' id='word_1_200' title='bbox 131 2507 219 2546; x_wconf 90' lang='lat' dir='ltr'>huic</span> <span class='ocrx_word' id='word_1_201' title='bbox 238 2505 442 2555; x_wconf 83' lang='lat' dir='ltr'>depravato</span> <span class='ocrx_word' id='word_1_202' title='bbox 458 2502 605 2542; x_wconf 84' lang='lat' dir='ltr'>adferre</span> <span class='ocrx_word' id='word_1_203' title='bbox 627 2499 825 2540; x_wconf 86' lang='lat' dir='ltr'>videbitur.</span> <span class='ocrx_word' id='word_1_204' title='bbox 845 2497 1008 2537; x_wconf 88' lang='lat' dir='ltr'>Ultimus</span> <span class='ocrx_word' id='word_1_205' title='bbox 1034 2504 1162 2537; x_wconf 85' lang='lat' dir='ltr'>tamen</span> 
     </span>
     <span class='ocr_line' id='line_1_35' title="bbox 133 2547 1161 2608; baseline -0.014 -11"><span class='ocrx_word' id='word_1_206' title='bbox 133 2557 323 2608; x_wconf 85' lang='lat' dir='ltr'>Propertii</span> <span class='ocrx_word' id='word_1_207' title='bbox 345 2555 467 2595; x_wconf 83' lang='lat' dir='ltr'>editor</span> <span class='ocrx_word' id='word_1_208' title='bbox 494 2553 653 2602; x_wconf 85' lang='lat' dir='ltr'>Vulpius</span> <span class='ocrx_word' id='word_1_209' title='bbox 688 2548 918 2590; x_wconf 83' lang='lat' dir='ltr'>retinendam</span> <span class='ocrx_word' id='word_1_210' title='bbox 942 2547 1016 2587; x_wconf 80' lang='lat' dir='ltr'>effe</span> <span class='ocrx_word' id='word_1_211' title='bbox 1036 2547 1161 2596; x_wconf 87' lang='lat' dir='ltr'>vulga-</span> 
     </span>
     <span class='ocr_line' id='line_1_36' title="bbox 135 2597 1160 2658; baseline -0.011 -11"><span class='ocrx_word' id='word_1_212' title='bbox 135 2617 209 2648; x_wconf 86' lang='lat' dir='ltr'>tam</span> <span class='ocrx_word' id='word_1_213' title='bbox 229 2606 529 2658; x_wconf 82' lang='lat' dir='ltr'>contendit,non</span> <span class='ocrx_word' id='word_1_214' title='bbox 546 2603 617 2642; x_wconf 90' lang='lat' dir='ltr'>alia</span> <span class='ocrx_word' id='word_1_215' title='bbox 634 2603 780 2642; x_wconf 89' lang='lat' dir='ltr'>ratione</span> <span class='ocrx_word' id='word_1_216' title='bbox 801 2597 939 2647; x_wconf 89' lang='lat' dir='ltr'>addita,</span> <span class='ocrx_word' id='word_1_217' title='bbox 962 2609 1070 2648; x_wconf 86' lang='lat' dir='ltr'>quam</span> <span class='ocrx_word' id='word_1_218' title='bbox 1090 2597 1160 2649; x_wconf 78' lang='lat' dir='ltr'>effie</span> 
     </span>
     <span class='ocr_line' id='line_1_37' title="bbox 135 2652 1158 2704; baseline -0.011 -5"><span class='ocrx_word' id='word_1_219' title='bbox 135 2661 198 2699; x_wconf 86' lang='lat' dir='ltr'>hoc</span> <span class='ocrx_word' id='word_1_220' title='bbox 224 2670 336 2698; x_wconf 83' lang='lat' dir='ltr'>unum</span> <span class='ocrx_word' id='word_1_221' title='bbox 361 2669 406 2695; x_wconf 82' lang='lat' dir='ltr'>ex</span> <span class='ocrx_word' id='word_1_222' title='bbox 447 2655 626 2703; x_wconf 77' lang='lat' dir='ltr'>Propertii</span> <span class='ocrx_word' id='word_1_223' title='bbox 650 2652 923 2704; x_wconf 71' lang='lat' dir='ltr'>singularibus,</span> <span class='ocrx_word' id='word_1_224' title='bbox 953 2659 995 2688; x_wconf 89' lang='lat' dir='ltr'>ut</span> <span class='ocrx_word' id='word_1_225' title='bbox 1027 2657 1158 2696; x_wconf 85' lang='lat' dir='ltr'>vocat,</span> 
     </span>
     <span class='ocr_line' id='line_1_38' title="bbox 137 2701 1160 2761; baseline -0.012 -11"><span class='ocrx_word' id='word_1_226' title='bbox 137 2709 236 2761; x_wconf 89' lang='lat' dir='ltr'>quod</span> <span class='ocrx_word' id='word_1_227' title='bbox 260 2707 410 2747; x_wconf 76' lang='lat' dir='ltr'>fortasse</span> <span class='ocrx_word' id='word_1_228' title='bbox 431 2717 452 2743; x_wconf 88' lang='lat' dir='ltr'>a</span> <span class='ocrx_word' id='word_1_229' title='bbox 473 2704 703 2745; x_wconf 85' lang='lat' dir='ltr'>Callimacho</span> <span class='ocrx_word' id='word_1_230' title='bbox 720 2703 782 2742; x_wconf 89' lang='lat' dir='ltr'>vel</span> <span class='ocrx_word' id='word_1_231' title='bbox 799 2701 943 2742; x_wconf 80' lang='lat' dir='ltr'>Phileta</span> <span class='ocrx_word' id='word_1_232' title='bbox 965 2701 1160 2739; x_wconf 83' lang='lat' dir='ltr'>derivave-</span> 
     </span>
     <span class='ocr_line' id='line_1_39' title="bbox 137 2750 1161 2809; baseline -0.013 -8"><span class='ocrx_word' id='word_1_233' title='bbox 137 2762 198 2802; x_wconf 88' lang='lat' dir='ltr'>rit.</span> <span class='ocrx_word' id='word_1_234' title='bbox 233 2758 401 2809; x_wconf 88' lang='lat' dir='ltr'>fingulari</span> <span class='ocrx_word' id='word_1_235' title='bbox 423 2764 526 2795; x_wconf 89' lang='lat' dir='ltr'>certe</span> <span class='ocrx_word' id='word_1_236' title='bbox 551 2762 778 2804; x_wconf 86' lang='lat' dir='ltr'>argumento.</span> <span class='ocrx_word' id='word_1_237' title='bbox 806 2752 881 2793; x_wconf 88' lang='lat' dir='ltr'>Sed</span> <span class='ocrx_word' id='word_1_238' title='bbox 906 2752 1001 2791; x_wconf 89' lang='lat' dir='ltr'>nihil</span> <span class='ocrx_word' id='word_1_239' title='bbox 1025 2762 1048 2790; x_wconf 92' lang='lat' dir='ltr'>e</span> <span class='ocrx_word' id='word_1_240' title='bbox 1076 2750 1161 2790; x_wconf 90' lang='lat' dir='ltr'>Cal-</span> 
     </span>
     <span class='ocr_line' id='line_1_40' title="bbox 134 2800 1158 2853; baseline -0.012 -1"><span class='ocrx_word' id='word_1_241' title='bbox 134 2812 294 2852; x_wconf 79' lang='lat' dir='ltr'>11macho</span> <span class='ocrx_word' id='word_1_242' title='bbox 320 2809 382 2848; x_wconf 87' lang='lat' dir='ltr'>vel</span> <span class='ocrx_word' id='word_1_243' title='bbox 403 2807 547 2848; x_wconf 86' lang='lat' dir='ltr'>Phileta</span> <span class='ocrx_word' id='word_1_244' title='bbox 576 2804 767 2850; x_wconf 74' lang='lat' dir='ltr'>desumffl,</span> <span class='ocrx_word' id='word_1_245' title='bbox 800 2803 839 2842; x_wconf 92' lang='lat' dir='ltr'>in</span> <span class='ocrx_word' id='word_1_246' title='bbox 869 2815 945 2853; x_wconf 89' lang='lat' dir='ltr'>quo</span> <span class='ocrx_word' id='word_1_247' title='bbox 977 2802 1098 2842; x_wconf 89' lang='lat' dir='ltr'>sensus</span> <span class='ocrx_word' id='word_1_248' title='bbox 1122 2800 1158 2840; x_wconf 87' lang='lat'>&amp;</span> 
     </span>
     <span class='ocr_line' id='line_1_41' title="bbox 134 2851 1159 2905; baseline -0.011 -2"><span class='ocrx_word' id='word_1_249' title='bbox 134 2874 240 2903; x_wconf 89' lang='lat' dir='ltr'>mens</span> <span class='ocrx_word' id='word_1_250' title='bbox 270 2861 352 2900; x_wconf 87' lang='lat' dir='ltr'>sana</span> <span class='ocrx_word' id='word_1_251' title='bbox 381 2869 459 2898; x_wconf 85' lang='lat' dir='ltr'>non</span> <span class='ocrx_word' id='word_1_252' title='bbox 490 2856 688 2896; x_wconf 86' lang='lat' dir='ltr'>constabat.</span> <span class='ocrx_word' id='word_1_253' title='bbox 713 2854 812 2905; x_wconf 89' lang='lat' dir='ltr'>Quia</span> <span class='ocrx_word' id='word_1_254' title='bbox 842 2865 936 2894; x_wconf 89' lang='lat' dir='ltr'>vero</span> <span class='ocrx_word' id='word_1_255' title='bbox 962 2854 1002 2893; x_wconf 87' lang='lat' dir='ltr'>in</span> <span class='ocrx_word' id='word_1_256' title='bbox 1029 2851 1159 2892; x_wconf 87' lang='lat' dir='ltr'>codice</span> 
     </span>
     <span class='ocr_line' id='line_1_42' title="bbox 135 2903 1157 2958; baseline -0.014 -4"><span class='ocrx_word' id='word_1_257' title='bbox 135 2916 201 2954; x_wconf 90' lang='lat' dir='ltr'>suo</span> <span class='ocrx_word' id='word_1_258' title='bbox 233 2914 337 2951; x_wconf 69' lang='lat' dir='ltr'>villia</span> <span class='ocrx_word' id='word_1_259' title='bbox 361 2918 444 2949; x_wconf 82' lang='lat' dir='ltr'>tura</span> <span class='ocrx_word' id='word_1_260' title='bbox 466 2909 635 2958; x_wconf 82' lang='lat' dir='ltr'>scriptum</span> <span class='ocrx_word' id='word_1_261' title='bbox 662 2911 852 2956; x_wconf 80' lang='lat' dir='ltr'>repererat</span> <span class='ocrx_word' id='word_1_262' title='bbox 877 2905 965 2946; x_wconf 88' lang='lat' dir='ltr'>Gul.</span> <span class='ocrx_word' id='word_1_263' title='bbox 987 2903 1157 2944; x_wconf 84' lang='lat' dir='ltr'>Vlamin·</span> 
     </span>
     <span class='ocr_line' id='line_1_43' title="bbox 133 2953 1156 3015; baseline -0.01 -12"><span class='ocrx_word' id='word_1_264' title='bbox 133 2967 214 3015; x_wconf 84' lang='lat' dir='ltr'>gius</span> <span class='ocrx_word' id='word_1_265' title='bbox 231 2993 242 3010; x_wconf 91' lang='lat'>,</span> <span class='ocrx_word' id='word_1_266' title='bbox 284 2959 372 3001; x_wconf 82' lang='lat' dir='ltr'>inde</span> <span class='ocrx_word' id='word_1_267' title='bbox 411 2960 535 3000; x_wconf 75' lang='lat' dir='ltr'>villica</span> <span class='ocrx_word' id='word_1_268' title='bbox 551 2988 562 3004; x_wconf 92' lang='lat'>,</span> <span class='ocrx_word' id='word_1_269' title='bbox 603 2957 642 2996; x_wconf 90' lang='lat' dir='ltr'>id</span> <span class='ocrx_word' id='word_1_270' title='bbox 685 2957 738 2997; x_wconf 88' lang='lat' dir='ltr'>est</span> <span class='ocrx_word' id='word_1_271' title='bbox 766 2956 895 2996; x_wconf 87' lang='lat' dir='ltr'>rustica</span> <span class='ocrx_word' id='word_1_272' title='bbox 911 2985 924 3002; x_wconf 92' lang='lat'><em>,</em></span> <span class='ocrx_word' id='word_1_273' title='bbox 960 2953 1156 3005; x_wconf 86' lang='lat' dir='ltr'>legendum</span> 
     </span>
     <span class='ocr_line' id='line_1_44' title="bbox 134 3006 1113 3063; baseline -0.011 -8"><span class='ocrx_word' id='word_1_274' title='bbox 134 3015 366 3063; x_wconf 86' lang='lat' dir='ltr'>conjecerat,</span> <span class='ocrx_word' id='word_1_275' title='bbox 393 3017 435 3051; x_wconf 89' lang='lat' dir='ltr'>ut</span> <span class='ocrx_word' id='word_1_276' title='bbox 461 3008 557 3062; x_wconf 72' lang='lat' dir='ltr'>apud</span> <span class='ocrx_word' id='word_1_277' title='bbox 583 3006 801 3062; x_wconf 88' lang='lat' dir='ltr'>Juvenalem</span> <span class='ocrx_word' id='word_1_278' title='bbox 825 3007 900 3047; x_wconf 84' lang='lat' dir='ltr'>Sat.</span> <span class='ocrx_word' id='word_1_279' title='bbox 926 3008 996 3046; x_wconf 85' lang='lat' dir='ltr'>IX.</span> <span class='ocrx_word' id='word_1_280' title='bbox 1027 3017 1113 3055; x_wconf 83' lang='lat'><strong>137.</strong></span> 
     </span>
    </p>
   </div>
   <div class='ocr_carea' id='block_1_17' title="bbox 181 3079 1109 3191">
    <p class='ocr_par' dir='ltr' id='par_1_17' title="bbox 181 3079 1109 3191">
     <span class='ocr_line' id='line_1_45' title="bbox 181 3079 1109 3133; baseline -0.008 -8"><span class='ocrx_word' id='word_1_281' title='bbox 181 3079 223 3126; x_wconf 77' lang='lat' dir='ltr'>‘O</span> <span class='ocrx_word' id='word_1_282' title='bbox 245 3086 346 3133; x_wconf 78' lang='lat' dir='ltr'>parvi</span> <span class='ocrx_word' id='word_1_283' title='bbox 371 3079 544 3133; x_wconf 71' lang='lat' dir='ltr'>nastrique</span> <span class='ocrx_word' id='word_1_284' title='bbox 570 3082 703 3126; x_wconf 85' lang='lat' dir='ltr'>Lares,</span> <span class='ocrx_word' id='word_1_285' title='bbox 729 3091 811 3130; x_wconf 80' lang='lat' dir='ltr'>quos</span> <span class='ocrx_word' id='word_1_286' title='bbox 831 3081 934 3122; x_wconf 75' lang='lat' dir='ltr'>thure</span> <span class='ocrx_word' id='word_1_287' title='bbox 953 3081 1109 3127; x_wconf 79' lang='lat' dir='ltr'>minuto,</span> 
     </span>
     <span class='ocr_line' id='line_1_46' title="bbox 184 3131 1054 3191; baseline -0.007 -14"><span class='ocrx_word' id='word_1_288' title='bbox 184 3138 265 3180; x_wconf 72' lang='lat' dir='ltr'>Aur</span> <span class='ocrx_word' id='word_1_289' title='bbox 278 3134 405 3191; x_wconf 84' lang='lat' dir='ltr'>farre,</span> <span class='ocrx_word' id='word_1_290' title='bbox 431 3141 495 3177; x_wconf 71' lang='lat' dir='ltr'>aut</span> <span class='ocrx_word' id='word_1_291' title='bbox 515 3135 618 3176; x_wconf 73' lang='lat' dir='ltr'>tenui</span> <span class='ocrx_word' id='word_1_292' title='bbox 630 3131 726 3186; x_wconf 79' lang='lat' dir='ltr'>solea</span> <span class='ocrx_word' id='word_1_293' title='bbox 754 3142 896 3174; x_wconf 79' lang='lat' dir='ltr'>exorare</span> <span class='ocrx_word' id='word_1_294' title='bbox 920 3143 1054 3176; x_wconf 76' lang='lat' dir='ltr'>corona.</span> 
     </span>
    </p>
   </div>
   <div class='ocr_carea' id='block_1_18' title="bbox 449 487 1663 573">
    <p class='ocr_par' dir='ltr' id='par_1_18' title="bbox 449 487 1663 573">
     <span class='ocr_line' id='line_1_47' title="bbox 449 487 1663 573; baseline -0.003 -21"><span class='ocrx_word' id='word_1_295' title='bbox 449 495 553 552; x_wconf 86' lang='lat' dir='ltr'>Sed</span> <span class='ocrx_word' id='word_1_296' title='bbox 580 492 747 573; x_wconf 89' lang='lat' dir='ltr'>modo</span> <span class='ocrx_word' id='word_1_297' title='bbox 774 488 1018 550; x_wconf 85' lang='lat' dir='ltr'>Permessi</span> <span class='ocrx_word' id='word_1_298' title='bbox 1048 487 1273 547; x_wconf 86' lang='lat' dir='ltr'>flumine</span> <span class='ocrx_word' id='word_1_299' title='bbox 1313 489 1448 547; x_wconf 89' lang='lat' dir='ltr'>lavit</span> <span class='ocrx_word' id='word_1_300' title='bbox 1475 491 1663 548; x_wconf 83' lang='lat' dir='ltr'>Amor.</span> 
     </span>
    </p>
   </div>
   <div class='ocr_carea' id='block_1_19' title="bbox 2097 575 2237 632">
    <p class='ocr_par' dir='ltr' id='par_1_19' title="bbox 2097 575 2237 632">
     <span class='ocr_line' id='line_1_48' title="bbox 2097 575 2237 632; baseline 0.007 -1"><span class='ocrx_word' id='word_1_301' title='bbox 2097 575 2210 632; x_wconf 86' lang='lat' dir='ltr'>Scri</span> <span class='ocrx_word' id='word_1_302' title='bbox 2221 608 2237 619; x_wconf 87' lang='lat'>-</span> 
     </span>
    </p>
   </div>
   <div class='ocr_carea' id='block_1_20' title="bbox 1136 718 2235 764">
    <p class='ocr_par' dir='ltr' id='par_1_20' title="bbox 1136 718 2235 764">
     <span class='ocr_line' id='line_1_49' title="bbox 1136 718 2235 764; baseline 0.007 -8"><span class='ocrx_word' id='word_1_303' title='bbox 1136 722 1141 723; x_wconf 49' lang='lat'><em>⁷</em></span> <span class='ocrx_word' id='word_1_304' title='bbox 1211 718 1276 757; x_wconf 89' lang='lat' dir='ltr'>ubi</span> <span class='ocrx_word' id='word_1_305' title='bbox 1308 729 1475 758; x_wconf 81' lang='lat' dir='ltr'>exornare</span> <span class='ocrx_word' id='word_1_306' title='bbox 1510 718 1549 758; x_wconf 92' lang='lat' dir='ltr'>in</span> <span class='ocrx_word' id='word_1_307' title='bbox 1577 719 1692 760; x_wconf 91' lang='lat' dir='ltr'>MSS.</span> <span class='ocrx_word' id='word_1_308' title='bbox 1737 721 1772 762; x_wconf 87' lang='lat'>&amp;</span> <span class='ocrx_word' id='word_1_309' title='bbox 1795 722 1876 763; x_wconf 83' lang='lat' dir='ltr'>aliis</span> <span class='ocrx_word' id='word_1_310' title='bbox 1907 722 1991 764; x_wconf 87' lang='lat' dir='ltr'>edd.</span> <span class='ocrx_word' id='word_1_311' title='bbox 2039 723 2099 763; x_wconf 79' lang='lat' dir='ltr'>sed</span> <span class='ocrx_word' id='word_1_312' title='bbox 2144 727 2235 764; x_wconf 72' lang='lat' dir='ltr'>vilia</span> 
     </span>
    </p>
   </div>
   <div class='ocr_carea' id='block_1_21' title="bbox 1207 770 2273 1171">
    <p class='ocr_par' dir='ltr' id='par_1_21' title="bbox 1207 770 2273 1171">
     <span class='ocr_line' id='line_1_50' title="bbox 1213 770 2238 829; baseline 0.01 -23"><span class='ocrx_word' id='word_1_313' title='bbox 1213 770 1320 808; x_wconf 75' lang='lat' dir='ltr'>thura</span> <span class='ocrx_word' id='word_1_314' title='bbox 1345 770 1498 829; x_wconf 78' lang='lat' dir='ltr'>minime</span> <span class='ocrx_word' id='word_1_315' title='bbox 1529 771 1752 811; x_wconf 87' lang='lat' dir='ltr'>sollicitanda</span> <span class='ocrx_word' id='word_1_316' title='bbox 1773 774 1874 819; x_wconf 87' lang='lat' dir='ltr'>sunt,</span> <span class='ocrx_word' id='word_1_317' title='bbox 1910 786 2003 825; x_wconf 86' lang='lat' dir='ltr'>quae</span> <span class='ocrx_word' id='word_1_318' title='bbox 2039 776 2142 815; x_wconf 74' lang='lat' dir='ltr'>thuri</span> <span class='ocrx_word' id='word_1_319' title='bbox 2171 779 2238 816; x_wconf 81' lang='lat' dir='ltr'>mi·</span> 
     </span>
     <span class='ocr_line' id='line_1_51' title="bbox 1210 820 2236 880; baseline 0.009 -22"><span class='ocrx_word' id='word_1_320' title='bbox 1210 828 1336 880; x_wconf 28' lang='lat' dir='ltr'>nuto&amp;</span> <span class='ocrx_word' id='word_1_321' title='bbox 1357 831 1396 858; x_wconf 76' lang='lat' dir='ltr'>in</span> <span class='ocrx_word' id='word_1_322' title='bbox 1423 820 1492 858; x_wconf 77' lang='lat' dir='ltr'>Illo</span> <span class='ocrx_word' id='word_1_323' title='bbox 1522 821 1710 871; x_wconf 85' lang='lat' dir='ltr'>Juvenalis</span> <span class='ocrx_word' id='word_1_324' title='bbox 1740 824 1848 871; x_wconf 85' lang='lat' dir='ltr'>loco,</span> <span class='ocrx_word' id='word_1_325' title='bbox 1889 825 1925 863; x_wconf 75' lang='lat' dir='ltr'>&amp;z</span> <span class='ocrx_word' id='word_1_326' title='bbox 1950 828 2093 866; x_wconf 82' lang='lat' dir='ltr'>minimo</span> <span class='ocrx_word' id='word_1_327' title='bbox 2117 829 2236 867; x_wconf 79' lang='lat' dir='ltr'>thuris</span> 
     </span>
     <span class='ocr_line' id='line_1_52' title="bbox 1214 866 2273 927; baseline 0.009 -19"><span class='ocrx_word' id='word_1_328' title='bbox 1214 866 1334 909; x_wconf 68' lang='lat' dir='ltr'>honore</span> <span class='ocrx_word' id='word_1_329' title='bbox 1368 871 1463 919; x_wconf 87' lang='lat' dir='ltr'>apud</span> <span class='ocrx_word' id='word_1_330' title='bbox 1491 870 1691 918; x_wconf 83' lang='lat' dir='ltr'>Ovidium,</span> <span class='ocrx_word' id='word_1_331' title='bbox 1733 874 1944 923; x_wconf 84' lang='lat' dir='ltr'>Tibullum,</span> <span class='ocrx_word' id='word_1_332' title='bbox 1981 878 2142 927; x_wconf 81' lang='lat' dir='ltr'>aliosque</span> <span class='ocrx_word' id='word_1_333' title='bbox 2180 890 2238 917; x_wconf 87' lang='lat' dir='ltr'>re·</span> <span class='ocrx_word' id='word_1_334' title='bbox 2263 907 2273 910; x_wconf 83' lang='lat'><em>-</em></span> 
     </span>
     <span class='ocr_line' id='line_1_53' title="bbox 1216 922 2238 982; baseline 0.009 -23"><span class='ocrx_word' id='word_1_335' title='bbox 1216 922 1430 982; x_wconf 66' lang='lat' dir='ltr'>spondent3</span> <span class='ocrx_word' id='word_1_336' title='bbox 1466 923 1584 972; x_wconf 89' lang='lat' dir='ltr'>qualia</span> <span class='ocrx_word' id='word_1_337' title='bbox 1627 925 1721 962; x_wconf 82' lang='lat' dir='ltr'>vilia</span> <span class='ocrx_word' id='word_1_338' title='bbox 1750 936 1951 975; x_wconf 87' lang='lat' dir='ltr'>pauperum</span> <span class='ocrx_word' id='word_1_339' title='bbox 1986 927 2102 974; x_wconf 88' lang='lat' dir='ltr'>dona,</span> <span class='ocrx_word' id='word_1_340' title='bbox 2144 940 2238 978; x_wconf 85' lang='lat' dir='ltr'>qnae</span> 
     </span>
     <span class='ocr_line' id='line_1_54' title="bbox 1215 976 2233 1028; baseline 0.008 -17"><span class='ocrx_word' id='word_1_341' title='bbox 1215 983 1306 1022; x_wconf 88' lang='lat' dir='ltr'>pura</span> <span class='ocrx_word' id='word_1_342' title='bbox 1329 982 1527 1013; x_wconf 70' lang='lat' dir='ltr'>comitatur</span> <span class='ocrx_word' id='word_1_343' title='bbox 1546 984 1672 1021; x_wconf 77' lang='lat' dir='ltr'>menS,</span> <span class='ocrx_word' id='word_1_344' title='bbox 1693 976 1781 1014; x_wconf 85' lang='lat' dir='ltr'>Diis</span> <span class='ocrx_word' id='word_1_345' title='bbox 1805 977 1912 1026; x_wconf 85' lang='lat' dir='ltr'>saepe</span> <span class='ocrx_word' id='word_1_346' title='bbox 1928 980 2108 1026; x_wconf 88' lang='lat' dir='ltr'>gratiora,</span> <span class='ocrx_word' id='word_1_347' title='bbox 2125 992 2233 1028; x_wconf 88' lang='lat' dir='ltr'>quam</span> 
     </span>
     <span class='ocr_line' id='line_1_55' title="bbox 1212 1024 2239 1082; baseline 0.008 -21"><span class='ocrx_word' id='word_1_348' title='bbox 1212 1024 1452 1082; x_wconf 73' lang='lat' dir='ltr'>locupletium</span> <span class='ocrx_word' id='word_1_349' title='bbox 1478 1025 1639 1064; x_wconf 69' lang='lat' dir='ltr'>victimas</span> <span class='ocrx_word' id='word_1_350' title='bbox 1673 1027 1830 1073; x_wconf 82' lang='lat' dir='ltr'>maJOres</span> <span class='ocrx_word' id='word_1_351' title='bbox 1848 1056 1859 1072; x_wconf 94' lang='lat'>,</span> <span class='ocrx_word' id='word_1_352' title='bbox 1893 1037 1956 1067; x_wconf 85' lang='lat' dir='ltr'>aut</span> <span class='ocrx_word' id='word_1_353' title='bbox 1989 1029 2109 1067; x_wconf 87' lang='lat' dir='ltr'>lances</span> <span class='ocrx_word' id='word_1_354' title='bbox 2134 1042 2239 1078; x_wconf 86' lang='lat' dir='ltr'>gran-</span> 
     </span>
     <span class='ocr_line' id='line_1_56' title="bbox 1210 1074 2240 1125; baseline 0.009 -12"><span class='ocrx_word' id='word_1_355' title='bbox 1210 1074 1356 1121; x_wconf 77' lang='lat' dir='ltr'>dJOIeS,</span> <span class='ocrx_word' id='word_1_356' title='bbox 1383 1084 1482 1115; x_wconf 89' lang='lat' dir='ltr'>noto</span> <span class='ocrx_word' id='word_1_357' title='bbox 1500 1076 1586 1125; x_wconf 91' lang='lat' dir='ltr'>loco</span> <span class='ocrx_word' id='word_1_358' title='bbox 1610 1076 1782 1118; x_wconf 85' lang='lat' dir='ltr'>describit</span> <span class='ocrx_word' id='word_1_359' title='bbox 1811 1077 1956 1120; x_wconf 84' lang='lat' dir='ltr'>Perfius</span> <span class='ocrx_word' id='word_1_360' title='bbox 1971 1079 2046 1121; x_wconf 81' lang='lat' dir='ltr'>Sat.</span> <span class='ocrx_word' id='word_1_361' title='bbox 2071 1082 2119 1122; x_wconf 86' lang='lat' dir='ltr'>ll.</span> <span class='ocrx_word' id='word_1_362' title='bbox 2141 1082 2181 1122; x_wconf 86' lang='lat' dir='ltr'>in</span> <span class='ocrx_word' id='word_1_363' title='bbox 2197 1082 2240 1122; x_wconf 84' lang='lat' dir='ltr'>fi-</span> 
     </span>
     <span class='ocr_line' id='line_1_57' title="bbox 1207 1126 2203 1171; baseline 0.009 -6"><span class='ocrx_word' id='word_1_364' title='bbox 1207 1136 1270 1169; x_wconf 85' lang='lat' dir='ltr'>ne.</span> <span class='ocrx_word' id='word_1_365' title='bbox 1300 1126 1363 1165; x_wconf 83' lang='lat' dir='ltr'>ubi</span> <span class='ocrx_word' id='word_1_366' title='bbox 1388 1126 1474 1167; x_wconf 85' lang='lat' dir='ltr'>vide</span> <span class='ocrx_word' id='word_1_367' title='bbox 1503 1127 1657 1167; x_wconf 87' lang='lat' dir='ltr'>Casaub.</span> <span class='ocrx_word' id='word_1_368' title='bbox 1714 1162 1722 1171; x_wconf 35' lang='lat' dir='ltr'>t</span> <span class='ocrx_word' id='word_1_369' title='bbox 2202 1134 2203 1138; x_wconf 74' lang='grc'>’</span> 
     </span>
    </p>
   </div>
   <div class='ocr_carea' id='block_1_22' title="bbox 1258 1204 2230 1308">
    <p class='ocr_par' dir='ltr' id='par_1_22' title="bbox 1258 1204 2230 1308">
     <span class='ocr_line' id='line_1_58' title="bbox 1258 1204 2230 1261; baseline 0.008 -18"><span class='ocrx_word' id='word_1_370' title='bbox 1258 1213 1321 1249; x_wconf 90' lang='lat'>29.</span> <span class='ocrx_word' id='word_1_371' title='bbox 1348 1204 1519 1246; x_wconf 85' lang='lat' dir='ltr'>Nondum</span> <span class='ocrx_word' id='word_1_372' title='bbox 1551 1209 1657 1247; x_wconf 80' lang='lat' dir='ltr'>etiam</span> <span class='ocrx_word' id='word_1_373' title='bbox 1692 1209 1860 1261; x_wconf 67' lang='lat' dir='ltr'>Ascraeos</span> <span class='ocrx_word' id='word_1_374' title='bbox 1888 1219 2019 1254; x_wconf 75' lang='lat' dir='ltr'>norunt</span> <span class='ocrx_word' id='word_1_375' title='bbox 2044 1223 2120 1252; x_wconf 80' lang='lat' dir='ltr'>mea</span> <span class='ocrx_word' id='word_1_376' title='bbox 2151 1224 2230 1252; x_wconf 82' lang='lat' dir='ltr'>car·</span> 
     </span>
     <span class='ocr_line' id='line_1_59' title="bbox 1511 1257 1867 1308; baseline 0.014 -13"><span class='ocrx_word' id='word_1_377' title='bbox 1511 1260 1611 1296; x_wconf 84' lang='lat' dir='ltr'>mina</span> <span class='ocrx_word' id='word_1_378' title='bbox 1623 1257 1768 1308; x_wconf 83' lang='lat' dir='ltr'>fontes,</span> <span class='ocrx_word' id='word_1_379' title='bbox 1862 1268 1867 1275; x_wconf 89' lang='lat'><em>&#39;</em></span> 
     </span>
    </p>
   </div>
   <div class='ocr_carea' id='block_1_23' title="bbox 1407 1306 1895 1362">
    <p class='ocr_par' dir='ltr' id='par_1_23' title="bbox 1407 1306 1895 1362">
     <span class='ocr_line' id='line_1_60' title="bbox 1407 1306 1895 1362; baseline 0.012 -16"><span class='ocrx_word' id='word_1_380' title='bbox 1407 1306 1476 1346; x_wconf 86' lang='lat' dir='ltr'>Sed</span> <span class='ocrx_word' id='word_1_381' title='bbox 1492 1309 1587 1347; x_wconf 77' lang='lat' dir='ltr'>modo</span> <span class='ocrx_word' id='word_1_382' title='bbox 1615 1309 1782 1360; x_wconf 86' lang='lat' dir='ltr'>Permeffi</span> <span class='ocrx_word' id='word_1_383' title='bbox 1807 1310 1895 1362; x_wconf 86' lang='lat' dir='ltr'>&amp;c.]</span> 
     </span>
    </p>
   </div>
   <div class='ocr_carea' id='block_1_24' title="bbox 1206 1386 2243 1841">
    <p class='ocr_par' dir='ltr' id='par_1_24' title="bbox 1206 1386 2243 1841">
     <span class='ocr_line' id='line_1_61' title="bbox 1215 1386 2238 1446; baseline 0.007 -21"><span class='ocrx_word' id='word_1_384' title='bbox 1215 1386 1382 1426; x_wconf 82' lang='lat' dir='ltr'>Necdum</span> <span class='ocrx_word' id='word_1_385' title='bbox 1404 1387 1445 1446; x_wconf 75' lang='lat' dir='ltr'>in</span> <span class='ocrx_word' id='word_1_386' title='bbox 1468 1387 1686 1428; x_wconf 89' lang='lat' dir='ltr'>Colotiano.</span> <span class='ocrx_word' id='word_1_387' title='bbox 1724 1391 1900 1432; x_wconf 85' lang='lat' dir='ltr'>Nundum</span> <span class='ocrx_word' id='word_1_388' title='bbox 1929 1393 1968 1433; x_wconf 88' lang='lat' dir='ltr'>in</span> <span class='ocrx_word' id='word_1_389' title='bbox 1999 1392 2125 1443; x_wconf 81' lang='lat' dir='ltr'>primis</span> <span class='ocrx_word' id='word_1_390' title='bbox 2152 1393 2238 1434; x_wconf 87' lang='lat' dir='ltr'>edd.</span> 
     </span>
     <span class='ocr_line' id='line_1_62' title="bbox 1213 1436 2243 1497; baseline 0.01 -22"><span class='ocrx_word' id='word_1_391' title='bbox 1213 1448 1290 1497; x_wconf 85' lang='lat' dir='ltr'>mea</span> <span class='ocrx_word' id='word_1_392' title='bbox 1301 1436 1460 1496; x_wconf 77' lang='lat' dir='ltr'>flamma</span> <span class='ocrx_word' id='word_1_393' title='bbox 1486 1439 1582 1476; x_wconf 88' lang='lat' dir='ltr'>male</span> <span class='ocrx_word' id='word_1_394' title='bbox 1601 1440 1639 1476; x_wconf 88' lang='lat' dir='ltr'>in</span> <span class='ocrx_word' id='word_1_395' title='bbox 1673 1441 1776 1479; x_wconf 81' lang='lat' dir='ltr'>Voss‘.</span> <span class='ocrx_word' id='word_1_396' title='bbox 1809 1442 1978 1493; x_wconf 81' lang='lat' dir='ltr'>Ascraeos</span> <span class='ocrx_word' id='word_1_397' title='bbox 2014 1444 2134 1495; x_wconf 76' lang='lat' dir='ltr'>fontes</span> <span class='ocrx_word' id='word_1_398' title='bbox 2160 1456 2243 1484; x_wconf 87' lang='lat' dir='ltr'>non-</span> 
     </span>
     <span class='ocr_line' id='line_1_63' title="bbox 1210 1485 2243 1545; baseline 0.009 -20"><span class='ocrx_word' id='word_1_399' title='bbox 1210 1497 1365 1537; x_wconf 82' lang='lat' dir='ltr'>proprie</span> <span class='ocrx_word' id='word_1_400' title='bbox 1387 1485 1432 1525; x_wconf 89' lang='lat' dir='ltr'>ad</span> <span class='ocrx_word' id='word_1_401' title='bbox 1454 1487 1679 1534; x_wconf 71' lang='lat' dir='ltr'>Hesiodum,</span> <span class='ocrx_word' id='word_1_402' title='bbox 1705 1498 1748 1528; x_wconf 87' lang='lat' dir='ltr'>ut</span> <span class='ocrx_word' id='word_1_403' title='bbox 1774 1492 2000 1538; x_wconf 88' lang='lat' dir='ltr'>Beroaldus,</span> <span class='ocrx_word' id='word_1_404' title='bbox 2026 1495 2173 1545; x_wconf 83' lang='lat' dir='ltr'>refero,</span> <span class='ocrx_word' id='word_1_405' title='bbox 2194 1497 2243 1534; x_wconf 66' lang='lat' dir='ltr'>li·⁴</span> 
     </span>
     <span class='ocr_line' id='line_1_64' title="bbox 1211 1538 2234 1597; baseline 0.008 -21"><span class='ocrx_word' id='word_1_406' title='bbox 1211 1544 1274 1576; x_wconf 85' lang='lat' dir='ltr'>cet</span> <span class='ocrx_word' id='word_1_407' title='bbox 1305 1538 1418 1597; x_wconf 71' lang='lat' dir='ltr'>Afra</span> <span class='ocrx_word' id='word_1_408' title='bbox 1445 1538 1664 1587; x_wconf 87' lang='lat' dir='ltr'>oppidulum</span> <span class='ocrx_word' id='word_1_409' title='bbox 1701 1538 1746 1578; x_wconf 90' lang='lat' dir='ltr'>ad</span> <span class='ocrx_word' id='word_1_410' title='bbox 1778 1538 1876 1590; x_wconf 82' lang='lat' dir='ltr'>ripas</span> <span class='ocrx_word' id='word_1_411' title='bbox 1906 1543 2102 1581; x_wconf 85' lang='lat' dir='ltr'>Heliconis</span> <span class='ocrx_word' id='word_1_412' title='bbox 2130 1545 2234 1584; x_wconf 79' lang='lat' dir='ltr'>litum</span> 
     </span>
     <span class='ocr_line' id='line_1_65' title="bbox 1210 1587 2235 1649; baseline 0.005 -21"><span class='ocrx_word' id='word_1_413' title='bbox 1210 1587 1328 1649; x_wconf 80' lang='lat' dir='ltr'>Hefio</span> <span class='ocrx_word' id='word_1_414' title='bbox 1356 1600 1368 1626; x_wconf 88' lang='grc' dir='ltr'>ι</span> <span class='ocrx_word' id='word_1_415' title='bbox 1403 1587 1516 1629; x_wconf 80' lang='lat' dir='ltr'>fuerit</span> <span class='ocrx_word' id='word_1_416' title='bbox 1543 1592 1659 1638; x_wconf 89' lang='lat' dir='ltr'>patria</span> <span class='ocrx_word' id='word_1_417' title='bbox 1677 1616 1693 1638; x_wconf 88' lang='lat'><strong>,</strong></span> <span class='ocrx_word' id='word_1_418' title='bbox 1725 1590 1787 1631; x_wconf 87' lang='lat' dir='ltr'>sed</span> <span class='ocrx_word' id='word_1_419' title='bbox 1824 1590 1870 1630; x_wconf 91' lang='lat' dir='ltr'>ad</span> <span class='ocrx_word' id='word_1_420' title='bbox 1901 1592 2170 1642; x_wconf 84' lang='lat' dir='ltr'>Hippocrenen</span> <span class='ocrx_word' id='word_1_421' title='bbox 2199 1595 2235 1633; x_wconf 73' lang='grc' dir='ltr'>δι</span> 
     </span>
     <span class='ocr_line' id='line_1_66' title="bbox 1209 1640 2232 1694; baseline 0.003 -15"><span class='ocrx_word' id='word_1_422' title='bbox 1209 1640 1433 1690; x_wconf 70' lang='lat' dir='ltr'>Aganippea</span> <span class='ocrx_word' id='word_1_423' title='bbox 1448 1668 1460 1681; x_wconf 82' lang='lat'><strong>.</strong></span> <span class='ocrx_word' id='word_1_424' title='bbox 1477 1641 1621 1679; x_wconf 81' lang='lat' dir='ltr'>vicinos</span> <span class='ocrx_word' id='word_1_425' title='bbox 1651 1641 1799 1689; x_wconf 85' lang='lat' dir='ltr'>fontes,</span> <span class='ocrx_word' id='word_1_426' title='bbox 1836 1655 1885 1682; x_wconf 86' lang='lat' dir='ltr'>ex</span> <span class='ocrx_word' id='word_1_427' title='bbox 1908 1644 2040 1694; x_wconf 86' lang='lat' dir='ltr'>quibus</span> <span class='ocrx_word' id='word_1_428' title='bbox 2072 1645 2232 1692; x_wconf 78' lang='lat' dir='ltr'>majores</span> 
     </span>
     <span class='ocr_line' id='line_1_67' title="bbox 1206 1691 2239 1750; baseline 0.002 -19"><span class='ocrx_word' id='word_1_429' title='bbox 1206 1694 1343 1750; x_wconf 69' lang='lat' dir='ltr'>poetae</span> <span class='ocrx_word' id='word_1_430' title='bbox 1368 1691 1499 1749; x_wconf 72' lang='lat' dir='ltr'>bibere</span> <span class='ocrx_word' id='word_1_431' title='bbox 1533 1691 1783 1741; x_wconf 83' lang='lat' dir='ltr'>fingebantur,</span> <span class='ocrx_word' id='word_1_432' title='bbox 1802 1695 1967 1733; x_wconf 88' lang='lat' dir='ltr'>minores</span> <span class='ocrx_word' id='word_1_433' title='bbox 1992 1706 2015 1734; x_wconf 89' lang='lat' dir='ltr'>e</span> <span class='ocrx_word' id='word_1_434' title='bbox 2034 1695 2239 1735; x_wconf 84' lang='lat' dir='ltr'>Permeffo.</span> 
     </span>
     <span class='ocr_line' id='line_1_68' title="bbox 1208 1740 2239 1795; baseline 0.006 -18"><span class='ocrx_word' id='word_1_435' title='bbox 1208 1742 1294 1780; x_wconf 76' lang='lat' dir='ltr'>vide</span> <span class='ocrx_word' id='word_1_436' title='bbox 1326 1740 1573 1780; x_wconf 77' lang='lat' dir='ltr'>Pass&#39;era&#39;uum.</span> <span class='ocrx_word' id='word_1_437' title='bbox 1608 1742 1742 1782; x_wconf 88' lang='lat' dir='ltr'>eodem</span> <span class='ocrx_word' id='word_1_438' title='bbox 1780 1743 1958 1784; x_wconf 84' lang='lat' dir='ltr'>videlicet</span> <span class='ocrx_word' id='word_1_439' title='bbox 1989 1745 2138 1792; x_wconf 87' lang='lat' dir='ltr'>colore,</span> <span class='ocrx_word' id='word_1_440' title='bbox 2163 1756 2239 1795; x_wconf 84' lang='lat' dir='ltr'>quo</span> 
     </span>
     <span class='ocr_line' id='line_1_69' title="bbox 1206 1791 1805 1841; baseline -0.002 -9"><span class='ocrx_word' id='word_1_441' title='bbox 1206 1792 1350 1832; x_wconf 83' lang='lat' dir='ltr'>Perfius</span> <span class='ocrx_word' id='word_1_442' title='bbox 1373 1793 1411 1830; x_wconf 86' lang='lat' dir='ltr'>in</span> <span class='ocrx_word' id='word_1_443' title='bbox 1439 1791 1625 1841; x_wconf 75' lang='lat' dir='ltr'>Prologox</span> <span class='ocrx_word' id='word_1_444' title='bbox 1778 1795 1782 1799; x_wconf 82' lang='grc'><strong>’</strong></span> <span class='ocrx_word' id='word_1_445' title='bbox 1802 1796 1805 1799; x_wconf 84' lang='grc'><strong>“</strong></span> 
     </span>
    </p>
   </div>
   <div class='ocr_carea' id='block_1_25' title="bbox 1259 1860 2073 2067">
    <p class='ocr_par' dir='ltr' id='par_1_25' title="bbox 1259 1860 2073 2067">
     <span class='ocr_line' id='line_1_70' title="bbox 1260 1860 2028 1913; baseline 0.007 -11"><span class='ocrx_word' id='word_1_446' title='bbox 1260 1863 1341 1902; x_wconf 87' lang='lat' dir='ltr'>Nec</span> <span class='ocrx_word' id='word_1_447' title='bbox 1354 1860 1459 1912; x_wconf 74' lang='lat' dir='ltr'>fonte</span> <span class='ocrx_word' id='word_1_448' title='bbox 1477 1864 1574 1902; x_wconf 83' lang='lat' dir='ltr'>labra</span> <span class='ocrx_word' id='word_1_449' title='bbox 1602 1866 1720 1913; x_wconf 79' lang='lat' dir='ltr'>prolui</span> <span class='ocrx_word' id='word_1_450' title='bbox 1754 1865 1937 1906; x_wconf 77' lang='lat' dir='ltr'>Caballino</span> <span class='ocrx_word' id='word_1_451' title='bbox 1957 1866 2028 1908; x_wconf 84' lang='lat' dir='ltr'>&amp;c.</span> 
     </span>
     <span class='ocr_line' id='line_1_71' title="bbox 1259 1913 2011 1966; baseline 0.003 -12"><span class='ocrx_word' id='word_1_452' title='bbox 1259 1913 1576 1966; x_wconf 79' lang='lat' dir='ltr'>Heliconiadasque</span> <span class='ocrx_word' id='word_1_453' title='bbox 1591 1916 1827 1966; x_wconf 66' lang='lat' dir='ltr'>pallidumque</span> <span class='ocrx_word' id='word_1_454' title='bbox 1853 1917 2011 1956; x_wconf 80' lang='lat' dir='ltr'>Pirenen</span> 
     </span>
     <span class='ocr_line' id='line_1_72' title="bbox 1261 1964 2073 2020; baseline 0.009 -17"><span class='ocrx_word' id='word_1_455' title='bbox 1261 1964 1346 2003; x_wconf 81' lang='lat' dir='ltr'>Illis</span> <span class='ocrx_word' id='word_1_456' title='bbox 1367 1967 1522 2011; x_wconf 76' lang='lat' dir='ltr'>remitto,</span> <span class='ocrx_word' id='word_1_457' title='bbox 1548 1979 1693 2015; x_wconf 81' lang='lat' dir='ltr'>quorum</span> <span class='ocrx_word' id='word_1_458' title='bbox 1716 1969 1889 2020; x_wconf 79' lang='lat' dir='ltr'>imagines</span> <span class='ocrx_word' id='word_1_459' title='bbox 1913 1970 2073 2010; x_wconf 67' lang='lat' dir='ltr'>lamhunt</span> 
     </span>
     <span class='ocr_line' id='line_1_73' title="bbox 1263 2014 1889 2067; baseline 0.006 -15"><span class='ocrx_word' id='word_1_460' title='bbox 1263 2014 1428 2053; x_wconf 74' lang='lat' dir='ltr'>Hederae</span> <span class='ocrx_word' id='word_1_461' title='bbox 1440 2015 1624 2067; x_wconf 79' lang='lat' dir='ltr'>sequaces.</span> <span class='ocrx_word' id='word_1_462' title='bbox 1886 2020 1889 2021; x_wconf 72' lang='grc'>’</span> 
     </span>
    </p>
   </div>
   <div class='ocr_carea' id='block_1_26' title="bbox 1205 2095 2265 2299">
    <p class='ocr_par' dir='ltr' id='par_1_26' title="bbox 1205 2095 2236 2254">
     <span class='ocr_line' id='line_1_74' title="bbox 1210 2095 2229 2147; baseline -0.003 -10"><span class='ocrx_word' id='word_1_463' title='bbox 1210 2097 1275 2137; x_wconf 85' lang='lat' dir='ltr'>ubi</span> <span class='ocrx_word' id='word_1_464' title='bbox 1308 2097 1407 2137; x_wconf 61' lang='lat' dir='ltr'>mele</span> <span class='ocrx_word' id='word_1_465' title='bbox 1436 2095 1674 2137; x_wconf 87' lang='lat' dir='ltr'>casaubonus</span> <span class='ocrx_word' id='word_1_466' title='bbox 1711 2097 1842 2145; x_wconf 83' lang='lat' dir='ltr'>respici</span> <span class='ocrx_word' id='word_1_467' title='bbox 1875 2104 1982 2147; x_wconf 86' lang='lat' dir='ltr'>putat</span> <span class='ocrx_word' id='word_1_468' title='bbox 1996 2096 2062 2135; x_wconf 63' lang='lat' dir='ltr'>‘tad</span> <span class='ocrx_word' id='word_1_469' title='bbox 2098 2099 2229 2146; x_wconf 65' lang='lat' dir='ltr'>poetas</span> 
     </span>
     <span class='ocr_line' id='line_1_75' title="bbox 1211 2147 2236 2198; baseline -0.004 -10"><span class='ocrx_word' id='word_1_470' title='bbox 1211 2149 1370 2196; x_wconf 85' lang='lat' dir='ltr'>majores</span> <span class='ocrx_word' id='word_1_471' title='bbox 1389 2178 1400 2195; x_wconf 94' lang='lat'>‚</span> <span class='ocrx_word' id='word_1_472' title='bbox 1427 2148 1498 2196; x_wconf 75' lang='lat' dir='ltr'>&#39;qui</span> <span class='ocrx_word' id='word_1_473' title='bbox 1527 2148 1562 2186; x_wconf 87' lang='lat' dir='ltr'>se</span> <span class='ocrx_word' id='word_1_474' title='bbox 1593 2147 1701 2187; x_wconf 89' lang='lat' dir='ltr'>fonte</span> <span class='ocrx_word' id='word_1_475' title='bbox 1733 2149 1995 2198; x_wconf 83' lang='lat' dir='ltr'>Hippocrenes</span> <span class='ocrx_word' id='word_1_476' title='bbox 2038 2148 2136 2186; x_wconf 86' lang='lat' dir='ltr'>labra</span> <span class='ocrx_word' id='word_1_477' title='bbox 2176 2149 2236 2187; x_wconf 86' lang='lat' dir='ltr'>sua</span> 
     </span>
     <span class='ocr_line' id='line_1_76' title="bbox 1205 2197 2230 2254; baseline -0.002 -16"><span class='ocrx_word' id='word_1_478' title='bbox 1205 2198 1396 2254; x_wconf 50' lang='lat' dir='ltr'>proluiffe,</span> <span class='ocrx_word' id='word_1_479' title='bbox 1434 2198 1495 2238; x_wconf 89' lang='lat' dir='ltr'>seu</span> <span class='ocrx_word' id='word_1_480' title='bbox 1520 2206 1637 2237; x_wconf 85' lang='lat' dir='ltr'>totum</span> <span class='ocrx_word' id='word_1_481' title='bbox 1671 2199 1775 2238; x_wconf 88' lang='lat' dir='ltr'>velut</span> <span class='ocrx_word' id='word_1_482' title='bbox 1811 2197 2011 2238; x_wconf 81' lang='lat' dir='ltr'>exhauiiss&#39;e</span> <span class='ocrx_word' id='word_1_483' title='bbox 2039 2199 2230 2247; x_wconf 70' lang='lat' dir='ltr'>jaftabant.</span> 
     </span>
    </p>

    <p class='ocr_par' dir='ltr' id='par_1_27' title="bbox 1209 2246 2265 2299">
     <span class='ocr_line' id='line_1_77' title="bbox 1209 2246 2265 2299; baseline -0.003 -9"><span class='ocrx_word' id='word_1_484' title='bbox 1209 2250 1258 2291; x_wconf 86' lang='lat' dir='ltr'>fic</span> <span class='ocrx_word' id='word_1_485' title='bbox 1281 2250 1375 2290; x_wconf 87' lang='lat' dir='ltr'>infra</span> <span class='ocrx_word' id='word_1_486' title='bbox 1396 2248 1492 2299; x_wconf 89' lang='lat' dir='ltr'>apud</span> <span class='ocrx_word' id='word_1_487' title='bbox 1522 2250 1684 2289; x_wconf 89' lang='lat' dir='ltr'>nostrum</span> <span class='ocrx_word' id='word_1_488' title='bbox 1703 2249 1761 2289; x_wconf 82' lang='lat' dir='ltr'>El.</span> <span class='ocrx_word' id='word_1_489' title='bbox 1783 2249 1834 2288; x_wconf 85' lang='lat' dir='ltr'>X.</span> <span class='ocrx_word' id='word_1_490' title='bbox 1854 2260 1892 2288; x_wconf 88' lang='lat' dir='ltr'>v.</span> <span class='ocrx_word' id='word_1_491' title='bbox 1915 2263 1955 2299; x_wconf 88' lang='lat'>4.</span> <span class='ocrx_word' id='word_1_492' title='bbox 2156 2264 2169 2278; x_wconf 57' lang='lat' dir='ltr'>x</span> <span class='ocrx_word' id='word_1_493' title='bbox 2258 2246 2265 2252; x_wconf 83' lang='grc'><em>“</em></span> 
     </span>
    </p>
   </div>
   <div class='ocr_carea' id='block_1_27' title="bbox 1259 2317 2066 2377">
    <p class='ocr_par' dir='ltr' id='par_1_28' title="bbox 1259 2317 2066 2377">
     <span class='ocr_line' id='line_1_78' title="bbox 1259 2317 2066 2377; baseline -0.001 -17"><span class='ocrx_word' id='word_1_494' title='bbox 1259 2317 1381 2377; x_wconf 76' lang='lat' dir='ltr'>Juffit</span> <span class='ocrx_word' id='word_1_495' title='bbox 1401 2318 1452 2367; x_wconf 63' lang='grc' dir='ltr'>δέ’</span> <span class='ocrx_word' id='word_1_496' title='bbox 1473 2318 1664 2375; x_wconf 68' lang='lat' dir='ltr'>Ascraeum</span> <span class='ocrx_word' id='word_1_497' title='bbox 1674 2317 1728 2370; x_wconf 88' lang='lat' dir='ltr'>fic</span> <span class='ocrx_word' id='word_1_498' title='bbox 1751 2319 1912 2358; x_wconf 77' lang='lat' dir='ltr'>habitare</span> <span class='ocrx_word' id='word_1_499' title='bbox 1929 2330 2066 2371; x_wconf 69' lang='lat' dir='ltr'>nemus,</span> 
     </span>
    </p>
   </div>
   <div class='ocr_carea' id='block_1_28' title="bbox 1199 2384 2232 2456">
    <p class='ocr_par' dir='ltr' id='par_1_29' title="bbox 1199 2384 2232 2456">
     <span class='ocr_line' id='line_1_79' title="bbox 1199 2384 2232 2456; baseline -0.001 -13"><span class='ocrx_word' id='word_1_500' title='bbox 1199 2403 1296 2456; x_wconf 71' lang='lat' dir='ltr'>filva</span> <span class='ocrx_word' id='word_1_501' title='bbox 1318 2403 1417 2442; x_wconf 89' lang='lat' dir='ltr'>enim</span> <span class='ocrx_word' id='word_1_502' title='bbox 1447 2402 1483 2442; x_wconf 85' lang='lat'>&amp;</span> <span class='ocrx_word' id='word_1_503' title='bbox 1527 2401 1652 2450; x_wconf 87' lang='lat' dir='ltr'>Tempe</span> <span class='ocrx_word' id='word_1_504' title='bbox 1681 2400 1833 2451; x_wconf 76' lang='lat' dir='ltr'>Ascraea</span> <span class='ocrx_word' id='word_1_505' title='bbox 1852 2413 1971 2454; x_wconf 88' lang='lat' dir='ltr'>prope</span> <span class='ocrx_word' id='word_1_506' title='bbox 1994 2384 2232 2442; x_wconf 80' lang='lat' dir='ltr'>HeHconem.</span> 
     </span>
    </p>
   </div>
   <div class='ocr_carea' id='block_1_29' title="bbox 1208 2447 2234 2810">
    <p class='ocr_par' dir='ltr' id='par_1_30' title="bbox 1208 2447 2234 2810">
     <span class='ocr_line' id='line_1_80' title="bbox 1208 2447 2233 2504; baseline -0.004 -9"><span class='ocrx_word' id='word_1_507' title='bbox 1208 2454 1296 2495; x_wconf 86' lang='lat' dir='ltr'>vide</span> <span class='ocrx_word' id='word_1_508' title='bbox 1317 2451 1527 2493; x_wconf 64' lang='lat' dir='ltr'>Markland.&gt;</span> <span class='ocrx_word' id='word_1_509' title='bbox 1552 2452 1595 2491; x_wconf 89' lang='lat' dir='ltr'>ad</span> <span class='ocrx_word' id='word_1_510' title='bbox 1619 2447 1724 2493; x_wconf 83' lang='lat' dir='ltr'>statii</span> <span class='ocrx_word' id='word_1_511' title='bbox 1751 2452 1871 2492; x_wconf 87' lang='lat' dir='ltr'>Silvas</span> <span class='ocrx_word' id='word_1_512' title='bbox 1895 2464 1936 2504; x_wconf 87' lang='lat' dir='ltr'>p.</span> <span class='ocrx_word' id='word_1_513' title='bbox 1962 2463 2052 2500; x_wconf 76' lang='lat'>312.</span> <span class='ocrx_word' id='word_1_514' title='bbox 2077 2453 2140 2492; x_wconf 88' lang='lat' dir='ltr'>ubi</span> <span class='ocrx_word' id='word_1_515' title='bbox 2163 2453 2233 2497; x_wconf 80' lang='lat' dir='ltr'>isto</span> 
     </span>
     <span class='ocr_line' id='line_1_81' title="bbox 1209 2502 2228 2547; baseline -0.007 0"><span class='ocrx_word' id='word_1_516' title='bbox 1209 2506 1323 2547; x_wconf 88' lang='lat' dir='ltr'>nostri</span> <span class='ocrx_word' id='word_1_517' title='bbox 1342 2505 1430 2545; x_wconf 90' lang='lat' dir='ltr'>loco</span> <span class='ocrx_word' id='word_1_518' title='bbox 1459 2504 1632 2544; x_wconf 87' lang='lat' dir='ltr'>stabilivit</span> <span class='ocrx_word' id='word_1_519' title='bbox 1655 2502 1950 2544; x_wconf 87' lang='lat' dir='ltr'>emendationem</span> <span class='ocrx_word' id='word_1_520' title='bbox 1970 2503 2067 2543; x_wconf 86' lang='lat' dir='ltr'>suam</span> <span class='ocrx_word' id='word_1_521' title='bbox 2087 2504 2125 2542; x_wconf 86' lang='lat' dir='ltr'>in</span> <span class='ocrx_word' id='word_1_522' title='bbox 2145 2504 2228 2543; x_wconf 65' lang='lat' dir='ltr'>Sta·</span> 
     </span>
     <span class='ocr_line' id='line_1_82' title="bbox 1210 2555 2228 2605; baseline -0.006 -8"><span class='ocrx_word' id='word_1_523' title='bbox 1210 2560 1254 2598; x_wconf 85' lang='lat' dir='ltr'>tii</span> <span class='ocrx_word' id='word_1_524' title='bbox 1276 2557 1362 2597; x_wconf 90' lang='lat' dir='ltr'>Lib.</span> <span class='ocrx_word' id='word_1_525' title='bbox 1385 2559 1436 2596; x_wconf 92' lang='lat' dir='ltr'>V.</span> <span class='ocrx_word' id='word_1_526' title='bbox 1467 2556 1568 2605; x_wconf 82' lang='lat' dir='ltr'>Sylv.</span> <span class='ocrx_word' id='word_1_527' title='bbox 1590 2565 1627 2602; x_wconf 85' lang='grc'>3.</span> <span class='ocrx_word' id='word_1_528' title='bbox 1659 2567 1697 2594; x_wconf 88' lang='lat' dir='ltr'>v.</span> <span class='ocrx_word' id='word_1_529' title='bbox 1723 2565 1813 2601; x_wconf 86' lang='lat'>209.</span> <span class='ocrx_word' id='word_1_530' title='bbox 1850 2555 1918 2593; x_wconf 85' lang='lat' dir='ltr'>Me</span> <span class='ocrx_word' id='word_1_531' title='bbox 1937 2566 2069 2604; x_wconf 82' lang='lat' dir='ltr'>quoque</span> <span class='ocrx_word' id='word_1_532' title='bbox 2093 2555 2228 2593; x_wconf 72' lang='lat' dir='ltr'>vocales</span> 
     </span>
     <span class='ocr_line' id='line_1_83' title="bbox 1211 2603 2229 2659; baseline -0.005 -11"><span class='ocrx_word' id='word_1_533' title='bbox 1211 2612 1321 2654; x_wconf 84' lang='lat' dir='ltr'>lucos,</span> <span class='ocrx_word' id='word_1_534' title='bbox 1356 2606 1575 2659; x_wconf 80' lang='lat' dir='ltr'>Ascraeaque</span> <span class='ocrx_word' id='word_1_535' title='bbox 1612 2605 1736 2655; x_wconf 87' lang='lat' dir='ltr'>Tempe</span> <span class='ocrx_word' id='word_1_536' title='bbox 1759 2603 1965 2655; x_wconf 77' lang='lat' dir='ltr'>pulsantem.</span> <span class='ocrx_word' id='word_1_537' title='bbox 1991 2615 2084 2654; x_wconf 88' lang='lat' dir='ltr'>quae</span> <span class='ocrx_word' id='word_1_538' title='bbox 2106 2613 2229 2644; x_wconf 78' lang='lat' dir='ltr'>tamen</span> 
     </span>
     <span class='ocr_line' id='line_1_84' title="bbox 1210 2653 2226 2706; baseline -0.008 -5"><span class='ocrx_word' id='word_1_539' title='bbox 1210 2661 1318 2701; x_wconf 87' lang='lat' dir='ltr'>nimis</span> <span class='ocrx_word' id='word_1_540' title='bbox 1341 2659 1440 2698; x_wconf 85' lang='lat' dir='ltr'>forte</span> <span class='ocrx_word' id='word_1_541' title='bbox 1459 2657 1600 2697; x_wconf 90' lang='lat' dir='ltr'>recedit</span> <span class='ocrx_word' id='word_1_542' title='bbox 1617 2668 1638 2694; x_wconf 88' lang='lat' dir='ltr'>a</span> <span class='ocrx_word' id='word_1_543' title='bbox 1659 2658 1803 2706; x_wconf 84' lang='lat' dir='ltr'>vulgata</span> <span class='ocrx_word' id='word_1_544' title='bbox 1818 2656 1978 2694; x_wconf 64' lang='lat' dir='ltr'>lectione</span> <span class='ocrx_word' id='word_1_545' title='bbox 1999 2653 2226 2705; x_wconf 81' lang='lat' dir='ltr'>lustrataque.</span> 
     </span>
     <span class='ocr_line' id='line_1_85' title="bbox 1210 2701 2233 2758; baseline -0.01 -6"><span class='ocrx_word' id='word_1_546' title='bbox 1210 2712 1247 2753; x_wconf 72' lang='grc' dir='ltr'><strong>ἃ</strong></span> <span class='ocrx_word' id='word_1_547' title='bbox 1267 2706 1513 2758; x_wconf 68' lang='lat' dir='ltr'>lustrandaque</span> <span class='ocrx_word' id='word_1_548' title='bbox 1536 2708 1657 2746; x_wconf 85' lang='lat' dir='ltr'>malim</span> <span class='ocrx_word' id='word_1_549' title='bbox 1683 2719 1764 2746; x_wconf 90' lang='lat' dir='ltr'>cum</span> <span class='ocrx_word' id='word_1_550' title='bbox 1782 2705 1952 2746; x_wconf 67' lang='lat' dir='ltr'>Heinsio.</span> <span class='ocrx_word' id='word_1_551' title='bbox 1979 2714 2083 2744; x_wconf 82' lang='lat' dir='ltr'>certe</span> <span class='ocrx_word' id='word_1_552' title='bbox 2103 2701 2233 2753; x_wconf 84' lang='lat' dir='ltr'>lustra·</span> 
     </span>
     <span class='ocr_line' id='line_1_86' title="bbox 1209 2755 2234 2810; baseline -0.009 -7"><span class='ocrx_word' id='word_1_553' title='bbox 1209 2775 1247 2803; x_wconf 85' lang='lat' dir='ltr'>re</span> <span class='ocrx_word' id='word_1_554' title='bbox 1281 2761 1406 2809; x_wconf 86' lang='lat' dir='ltr'>Tempe</span> <span class='ocrx_word' id='word_1_555' title='bbox 1433 2758 1587 2800; x_wconf 86' lang='lat' dir='ltr'>defendi</span> <span class='ocrx_word' id='word_1_556' title='bbox 1617 2758 1740 2810; x_wconf 86' lang='lat' dir='ltr'>potest</span> <span class='ocrx_word' id='word_1_557' title='bbox 1767 2768 1816 2797; x_wconf 82' lang='lat' dir='ltr'>ex</span> <span class='ocrx_word' id='word_1_558' title='bbox 1841 2756 1969 2796; x_wconf 86' lang='lat' dir='ltr'>nostro</span> <span class='ocrx_word' id='word_1_559' title='bbox 1997 2755 2104 2807; x_wconf 83' lang='lat' dir='ltr'>Eleg.</span> <span class='ocrx_word' id='word_1_560' title='bbox 2127 2765 2234 2806; x_wconf 82' lang='lat' dir='ltr'>prae·</span> 
     </span>
    </p>
   </div>
   <div class='ocr_carea' id='block_1_30' title="bbox 1208 2808 2120 2939">
    <p class='ocr_par' dir='ltr' id='par_1_31' title="bbox 1208 2808 2120 2939">
     <span class='ocr_line' id='line_1_87' title="bbox 1208 2808 1417 2860; baseline -0.024 -6"><span class='ocrx_word' id='word_1_561' title='bbox 1208 2808 1298 2854; x_wconf 76' lang='lat' dir='ltr'>ced.v</span> <span class='ocrx_word' id='word_1_562' title='bbox 1315 2824 1354 2851; x_wconf 90' lang='lat' dir='ltr'>v.</span> <span class='ocrx_word' id='word_1_563' title='bbox 1382 2823 1417 2860; x_wconf 81' lang='lat'>5.</span> 
     </span>
     <span class='ocr_line' id='line_1_88' title="bbox 1259 2884 2120 2939; baseline -0.013 -5"><span class='ocrx_word' id='word_1_564' title='bbox 1259 2893 1328 2934; x_wconf 85' lang='lat' dir='ltr'>Sed</span> <span class='ocrx_word' id='word_1_565' title='bbox 1349 2895 1484 2939; x_wconf 80' lang='lat' dir='ltr'>tempus</span> <span class='ocrx_word' id='word_1_566' title='bbox 1503 2884 1652 2937; x_wconf 84' lang='lat' dir='ltr'>lustrare</span> <span class='ocrx_word' id='word_1_567' title='bbox 1676 2887 1762 2926; x_wconf 80' lang='lat' dir='ltr'>allis</span> <span class='ocrx_word' id='word_1_568' title='bbox 1781 2885 1952 2927; x_wconf 75' lang='lat' dir='ltr'>Helicona</span> <span class='ocrx_word' id='word_1_569' title='bbox 1975 2884 2120 2926; x_wconf 79' lang='lat' dir='ltr'>choreis.</span> 
     </span>
    </p>
   </div>
   <div class='ocr_carea' id='block_1_31' title="bbox 1201 2959 2251 3222">
    <p class='ocr_par' dir='ltr' id='par_1_32' title="bbox 1201 2959 2251 3222">
     <span class='ocr_line' id='line_1_89' title="bbox 1208 2959 2224 3022; baseline -0.013 -9"><span class='ocrx_word' id='word_1_570' title='bbox 1208 2973 1387 3013; x_wconf 84' lang='lat' dir='ltr'>Ceterum</span> <span class='ocrx_word' id='word_1_571' title='bbox 1402 2969 1563 3022; x_wconf 83' lang='lat' dir='ltr'>Ascraeos</span> <span class='ocrx_word' id='word_1_572' title='bbox 1571 2975 1698 3006; x_wconf 76' lang='lat' dir='ltr'>norunt</span> <span class='ocrx_word' id='word_1_573' title='bbox 1709 2979 1784 3007; x_wconf 90' lang='lat' dir='ltr'>mea</span> <span class='ocrx_word' id='word_1_574' title='bbox 1799 2968 1953 3006; x_wconf 77' lang='lat' dir='ltr'>carmina</span> <span class='ocrx_word' id='word_1_575' title='bbox 1964 2963 2086 3015; x_wconf 82' lang='lat' dir='ltr'>fontes</span> <span class='ocrx_word' id='word_1_576' title='bbox 2095 2961 2156 3002; x_wconf 90' lang='lat' dir='ltr'>hic</span> <span class='ocrx_word' id='word_1_577' title='bbox 2176 2959 2224 3000; x_wconf 85' lang='lat' dir='ltr'>de</span> 
     </span>
     <span class='ocr_line' id='line_1_90' title="bbox 1203 3013 2227 3070; baseline -0.012 -7"><span class='ocrx_word' id='word_1_578' title='bbox 1203 3022 1339 3063; x_wconf 89' lang='lat' dir='ltr'>mendo</span> <span class='ocrx_word' id='word_1_579' title='bbox 1359 3021 1556 3070; x_wconf 68' lang='lat' dir='ltr'>suspectum</span> <span class='ocrx_word' id='word_1_580' title='bbox 1573 3017 1824 3068; x_wconf 73' lang='lat' dir='ltr'>videtui-,pro</span> <span class='ocrx_word' id='word_1_581' title='bbox 1846 3028 1915 3066; x_wconf 89' lang='lat' dir='ltr'>qua</span> <span class='ocrx_word' id='word_1_582' title='bbox 1932 3026 2028 3055; x_wconf 89' lang='lat' dir='ltr'>voce</span> <span class='ocrx_word' id='word_1_583' title='bbox 2050 3013 2149 3053; x_wconf 86' lang='lat' dir='ltr'>forte</span> <span class='ocrx_word' id='word_1_584' title='bbox 2170 3023 2227 3052; x_wconf 87' lang='lat' dir='ltr'>re-</span> 
     </span>
     <span class='ocr_line' id='line_1_91' title="bbox 1201 3065 2225 3125; baseline -0.012 -13"><span class='ocrx_word' id='word_1_585' title='bbox 1201 3071 1416 3125; x_wconf 87' lang='lat' dir='ltr'>ponendum</span> <span class='ocrx_word' id='word_1_586' title='bbox 1436 3077 1565 3110; x_wconf 74' lang='lat' dir='ltr'>rorant.</span> <span class='ocrx_word' id='word_1_587' title='bbox 1590 3069 1667 3108; x_wconf 85' lang='lat' dir='ltr'>five</span> <span class='ocrx_word' id='word_1_588' title='bbox 1693 3069 1936 3116; x_wconf 84' lang='lat' dir='ltr'>intelligamus</span> <span class='ocrx_word' id='word_1_589' title='bbox 1970 3065 2073 3105; x_wconf 86' lang='lat' dir='ltr'>sensu</span> <span class='ocrx_word' id='word_1_590' title='bbox 2105 3065 2225 3103; x_wconf 82' lang='lat' dir='ltr'>ac‘tivo</span> 
     </span>
     <span class='ocr_line' id='line_1_92' title="bbox 1201 3114 2251 3217; baseline -0.017 -51"><span class='ocrx_word' id='word_1_591' title='bbox 1201 3127 1358 3217; x_wconf 44' lang='lat' dir='ltr'>camara</span> <span class='ocrx_word' id='word_1_592' title='bbox 1373 3133 1448 3162; x_wconf 90' lang='lat' dir='ltr'>mea</span> <span class='ocrx_word' id='word_1_593' title='bbox 1469 3127 1586 3162; x_wconf 70' lang='lat' dir='ltr'>rorant</span> <span class='ocrx_word' id='word_1_594' title='bbox 1599 3119 1820 3173; x_wconf 79' lang='lat' dir='ltr'>fomes,seu</span> <span class='ocrx_word' id='word_1_595' title='bbox 1837 3116 1979 3170; x_wconf 83' lang='lat' dir='ltr'>ingenti</span> <span class='ocrx_word' id='word_1_596' title='bbox 2003 3116 2129 3157; x_wconf 79' lang='lat' dir='ltr'>haustu</span> <span class='ocrx_word' id='word_1_597' title='bbox 2146 3114 2227 3202; x_wconf 60' lang='lat' dir='ltr'>irrti-</span> <span class='ocrx_word' id='word_1_598' title='bbox 2247 3152 2251 3157; x_wconf 62' lang='grc'><strong>,</strong></span> 
     </span>
     <span class='ocr_line' id='line_1_93' title="bbox 1350 3172 2228 3222; baseline -0.011 -13"><span class='ocrx_word' id='word_1_599' title='bbox 1350 3183 1375 3215; x_wconf 75' lang='lat' dir='ltr'>n</span> <span class='ocrx_word' id='word_1_600' title='bbox 1402 3182 1426 3222; x_wconf 80' lang='lat'>3</span> <span class='ocrx_word' id='word_1_601' title='bbox 2147 3173 2189 3212; x_wconf 82' lang='lat' dir='ltr'>ga</span> <span class='ocrx_word' id='word_1_602' title='bbox 2207 3172 2228 3199; x_wconf 85' lang='lat' dir='ltr'>a</span> 
     </span>
    </p>
   </div>
   <div class='ocr_carea' id='block_1_32' title="bbox 1727 3275 1748 3287">
    <p class='ocr_par' dir='ltr' id='par_1_33' title="bbox 1727 3275 1748 3287">
     <span class='ocr_line' id='line_1_94' title="bbox 1727 3275 1748 3287; baseline 0 -4"><span class='ocrx_word' id='word_1_603' title='bbox 1727 3275 1748 3287; x_wconf 53' lang='lat' dir='ltr'>s</span> 
     </span>
    </p>
   </div>
  </div>
 </body>
</html>
