2514 3626
429 274 479 335 E
518 276 569 333 L
618 275 668 337 E
711 276 765 334 G
802 276 837 333 1·
869 276 921 332 A
963 273 1221 335 RiVM
1272 273 1438 330 'Lm
1494 275 1616 330 III.
1693 276 1808 334 Et..
1852 244 1985 335 1111..

813 475 1263 533 ELEG.

2182 283 2292 351 627

1417 474 1560 531 XII.

413 612 686 748 Multa
722 689 880 743 tuae,
923 679 1146 749 Sparte,
1190 679 1442 733 miramur
1476 678 1593 748 jura
1621 680 1942 750 palaestrae,

614 753 900 826 Sedmage
927 755 1159 825 virginei
1189 765 1271 828 tot
1313 754 1454 807 bona
1480 757 1769 826 gymnafii:

410 831 577 905 Quod
617 845 730 883 non
759 829 985 884 infames
1026 839 1242 883 exercet
1282 844 1509 899 corpore
1551 828 1706 887 ludos

483 907 632 960 Inter
669 903 932 960 lufflntes
971 903 1115 977 nuda
1155 904 1334 976 puella
1370 905 1536 959 viros·

230 1127 358 1169 Eure.
383 1129 474 1170 XII.
501 1141 539 1169 v.
563 1144 598 1172 r.
627 1131 756 1173 Multa
781 1135 888 1177 tuae,
915 1130 1064 1181 Sparte,
1095 1134 1201 1170 mira·

180 1193 263 1220 mur
283 1184 370 1228 iura
398 1179 615 1233 palaestrae]
649 1186 778 1233 inepte
802 1185 842 1220 in
875 1184 1064 1220 nonnullis
1089 1180 1199 1218 codd.

183 1241 226 1269 ut
242 1233 280 1268 in
299 1232 426 1279 Regiis
449 1231 618 1270 colbert.
635 1233 672 1270 ἀ
689 1243 778 1270 meo
797 1231 978 1276 secundo,
1005 1230 1202 1277 primisque

183 1283 345 1320 Venetis
365 1284 460 1328 Reg.
487 1282 582 1330 Lep.
600 1280 636 1320 ἃ
655 1280 783 1320 Volsci
808 1279 893 1319 edd.
911 1292 968 1319 AD
989 1290 1198 1324 sPAitTVM,

182 1332 245 1369 vel
267 1343 320 1370 AD
349 1342 574 1375 smarnvn
594 1339 671 1378 „ut
697 1332 734 1371 in
763 1331 924 1370 secundo
949 1331 1134 1369 Vaticano
1162 1329 1198 1368 ἀ

172 1382 349 1423 -Borrich.
382 1381 588 1421 inscribitur
609 1383 703 1422 haec
727 1382 878 1431 Elegia,
899 1392 953 1420 ex
979 1382 1054 1418 hoc
1075 1381 1198 1430 primo

179 1433 290 1472 versu
318 1434 446 1471 Multa
463 1441 573 1481 tuae,
598 1434 744 1482 Sparte,
762 1440 940 1480 tamquan
964 1429 1123 1468 voandi
1140 1440 1195 1468 ca-

178 1484 242 1523 sus
262 1495 284 1521 a
312 1484 461 1532 spanus·
482 1483 586 1520 ess'et.
611 1484 746 1520 meiius
768 1483 808 1519 iu
830 1481 998 1525 Aldinis,
1024 1481 1197 1530 Juntina,

183 1534 399 1578 Colinaeis
416 1531 597 1581 Gryphii,
629 1532 781 1581 aliisque
812 1530 898 1570 edd.
927 1542 983 1582 111)
1014 1541 1195 1570 snm-mr

174 1596 238 1625 -mt
255 1593 376 1624 murs
399 1592 633 1621 ucomcrs.
658 1593 714 1621 1111
733 1591 1064 1621 cousuzrvome
1082 1593 1194 1621 snu-

179 1643 387 1676 Tanonvu
404 1632 530 1671 titulus
548 1631 601 1671 est
622 1634 661 1671 in
685 1633 808 1682 primo
831 1644 920 1672 meo
944 1631 1097 1672 codice.:
1119 1634 1194 1682 pri-

177 1696 242 1726 mo
265 1684 374 1725 versu
396 1682 484 1722 Uita
506 1683 544 1721 in
562 1684 726 1724 Mentel.
755 1683 790 1722 ὅ(
819 1683 924 1724 voit
951 1682 1050 1723 unde
1073 1684 1198 1723 Hein-

176 1738 248 1777 fius
285 1734 413 1774 Unan-
441 1732 502 1773 sed
541 1733 650 1773 litera
683 1735 832 1773 initialis
863 1736 908 1773 M
943 1735 1071 1774 omlss'a
1099 1733 1195 1779 fuit,

178 1788 307 1838 postea
325 1783 555 1833 adpingenda
567 1813 579 1829 ,
594 1793 635 1824 ut
649 1785 774 1834 pamm
793 1787 832 1824 in
856 1786 973 1825 MSS.
994 1786 1102 1834 Saepe
1114 1793 1197 1822 tuae

175 1840 218 1882 in
242 1836 447 1878 Heinfiano
467 1833 501 1872 ἅ
522 1845 609 1872 meo
628 1836 767 1885 priore.
796 1837 942 1883 Spartae
959 1838 998 1874 in
1022 1835 1126 1875 Voil'.
1138 1846 1195 1882 pr.

176 1891 215 1929 ἃ
238 1897 396 1937 utroque
413 1885 607 1924 D’Orvill.
634 1889 789 1926 mirabar
811 1888 882 1926 sec.
909 1886 1017 1925 Leid.
1043 1886 1195 1923 Askew.

179 1940 216 1979 ἃ
236 1941 329 1979 alter
349 1937 540 1976 D’Orvill.
556 1938 706 1976 miratae
724 1939 852 1987 Neap.
872 1938 1049 1975 mirantur
1068 1936 1108 1974 in
1121 1935 1197 1972 Re·

179 1992 269 2039 giis,
306 1987 536 2028 colbertinis
555 2016 566 2034 ,
593 1986 628 2026 ὄῐ
659 1989 786 2038 primis
821 1986 905 2026 edd.
938 1988 1063 2025 mirari
1099 1995 1195 2025 vero

180 2041 243 2079 hic
267 2041 332 2079 usu
351 2036 512 2087 eleganti
530 2045 634 2077 notat
655 2039 818 2087 spectare
841 2048 923 2076 cum
950 2036 1194 2075 admiratione

178 2092 218 2131 {t
233 2089 390 2141 quodam
411 2090 572 2138 stupore.
586 2088 686 2149 ‘vide
705 2089 752 2128 ad
770 2090 884 2128 Tom.
908 2089 943 2127 Ι.
964 2088 1081 2133 Auth.
1109 2089 1193 2127 Lat.

171 2154 256 2238 ’ἐξ
278 2146 411 2242 «1161.
429 2138 663 2237 efflei.
681 2151 769 2231 ¹1³1?ss
796 2138 951 2229 ..ἱῖὶξῖἳ
966 2139 1194 2228 ’.ἓῖἕῑῖκῗὲῖ

174 2255 299 2284 ramur
310 2244 420 2293 pere,
435 2252 517 2280 nam
525 2242 616 2292 jura
634 2242 814 2281 constanti
827 2241 1004 2279 consensu
1020 2251 1097 2279 non
1116 2247 1194 2279 tan·

179 2305 260 2335 tum
289 2294 327 2332 in
362 2292 552 2338 omnibus,
577 2301 760 2344 quotquot
784 2292 952 2336 adhibui,
978 2291 1166 2329 codicibus
1180 2319 1192 2337 ,

175 2346 283 2385 nullo
309 2352 495 2393 excepto,
521 2342 558 2382 &
583 2345 736 2383 vetustis
757 2344 842 2383 edd.
867 2343 909 2393 (a
931 2342 1162 2390 Broukhufio
1180 2370 1193 2388 ,

176 2398 289 2442 etiam
312 2395 548 2435 diffentiebat
566 2395 828 2443 Markiandus,
853 2395 916 2444 qui
934 2394 1030 2432 libro
1049 2394 1113 2432 suo
1130 2392 1193 2431 ad-

175 2448 387 2496 scripserat,
392 2447 482 2495 jura
499 2442 690 2493 palaestrae
707 2447 806 2484 reste
817 2474 828 2490 ,
838 2446 1010 2495 nonjure
1024 2444 1196 2494 quemad-

177 2497 330 2536 modum
347 2495 464 2534 edidit
480 2495 551 2532 Vir
571 2494 651 2540 ei.)
676 2494 739 2535 sed
757 2496 791 2534 &
815 2496 864 2534 ita
882 2494 1076 2546 legendum
1092 2504 1197 2548 patet

174 2547 228 2588 ex'
250 2547 324 2586 fine
348 2546 456 2594 hujus
478 2543 654 2593 Elegiae3
680 2555 718 2584 v.
744 2551 806 2595 33:

103 2657 114 2661 ,
192 2684 195 2686 .
232 2619 343 2675 Quod
354 2616 392 2668 fi
403 2619 492 2668 iura
499 2614 601 2668 fores
613 2615 818 2670 pugnasque
833 2618 974 2658 imitata
1001 2618 1192 2657 Laconum.

180 2702 305 2740 neque
343 2689 450 2727 aliter
482 2684 606 2725 adfert
643 2685 792 2725 Caelius
833 2686 1066 2738 Rbodiginus
1107 2689 1195 2727 Lib.

181 2743 338 2785 xvnl.
360 2739 461 2778 Le&
474 2737 600 2784 Antiq.
617 2747 697 2784 cap.
719 2749 754 2776 r.
767 2745 869 2777 certe
879 2739 969 2789 jura
982 2736 1194 2788 palaestrae,

184 2793 222 2832 id
257 2792 310 2831 est
340 2791 442 2838 leges
470 2787 505 2826 dt
537 2787 697 2828 instituta
730 2787 766 2828 ἃ
801 2789 888 2828 bima
911 2788 1111 2841 gymnasii,
1148 2790 1197 2830 fic

181 2842 313 2886 melius
332 2839 572 2881 conveniunt.
775 2852 778 2859 ·

241 2955 279 2994 3.
299 2942 407 2999 Quod
427 2953 499 2981 non
520 2937 673 2996 infantes
689 2947 825 2995 exercet
841 2935 978 2990 corpore
1003 2941 1105 2980 ludos

354 2994 454 3032 Inter
475 2991 648 3031 ineuntes
669 2991 897 3049 nudarpuella
914 2991 1024 3042 viros]

182 3038 308 3109 laudes
337 3065 426 3104 oiim
461 3063 650 3111 legebatur
681 3061 719 3099 in
750 3060 875 3100 iisdem
909 3061 1127 3101 membranis
1164 3059 1201 3099 ὰ

176 3119 297 3160 ‘editis
314 3115 484 3168 antiquis.
499 3113 628 3155 eadem
645 3112 871 3161 variatione,
888 3125 958 3165 qua
972 3110 1070 3165 apud
1083 3111 1201 3152 ovid.

1998 995 2049 1051 5.
2079 981 2263 1058 Quum

1251 1132 1302 1171 X.
1326 1131 1428 1169 Met.
1450 1134 1539 1172 182.
1569 1127 1734 1180 offasque
1758 1128 1924 1176 cupidine
1951 1129 2031 1167 ludi
2053 1130 2115 1169 vel
2135 1132 2267 1170 laudis.

1251 1180 1313 1219 sed
1334 1181 1436 1218 bene
1464 1182 1596 1219 Aurati
1618 1178 1915 1218 emendationem
1948 1181 2114 1220 cantero
2137 1184 2269 1231 proba-

1249 1239 1344 1275 tam,
1361 1229 1445 1268 Lib.
1465 1232 1516 1269 11.
1540 1233 1645 1269 Nov.
1666 1231 1767 1268 Lest.
1788 1241 1869 1279 cap.
1892 1232 1953 1279 14.
1971 1231 2006 1270 &
2025 1244 2131 1281 quam
2148 1234 2186 1272 in
2208 1234 2267 1272 sua

1251 1280 1418 1321 editione
1433 1281 1608 1330 expreffit
1633 1280 1817 1328 Scaliger.
1843 1283 2031 1330 ampiexus
2050 1283 2104 1321 est
2124 1285 2268 1322 3101111-

1247 1331 1394 1376 hunus,
1422 1330 1457 1368 dt
1477 1333 1561 1378 jure
1588 1342 1630 1370 ac
1653 1334 1790 1370 merito
1813 1332 1913 1369 Rob.
1940 1332 2083 1371 Titium
2110 1334 2150 1372 in
2173 1334 2267 1373 locis

1249 1382 1321 1421 suis
1345 1381 1604 1421 controversis
1627 1381 1822 1420 lethonem
1840 1391 2007 1421 veterem
2028 1385 2272 1433 pervicaciter

1247 1439 1434 1477 tuentem,
1463 1443 1585 1482 neque
1614 1444 1635 1469 a
1661 1432 1848 1479 Scaligero
1871 1433 1934 1471 sub
1965 1436 2112 1474 Yvonis
2138 1438 2271 1474 Villio-

1248 1483 1341 1521 mati
1363 1482 1515 1520 nomine
1531 1482 1686 1521 meliora
1702 1481 1870 1520 edoeum
1885 1511 1896 1526 ,
1924 1485 1963 1521 iu
1988 1485 2271 1527 Adsertionibus

1248 1532 1544 1583 refipiscentem,
1571 1531 1742 1581 explosit.
1769 1533 1806 1570 ei
1834 1532 1944 1580 etiam
1971 1535 2112 1581 objecit
2138 1538 2267 1586 Sciop-

1240 1585 1332 1635 'pius
1357 1583 1440 1623 L-ib.
1461 1585 1492 1623 1.
1521 1583 1691 1623 Verifim.
1709 1594 1795 1632 cap.
1829 1594 1890 1629 14.
1918 1584 2144 1625 locutionem
2165 1598 2268 1626 exer-

1247 1647 1323 1674 cere
1358 1634 1480 1673 laudes
1510 1645 1704 1684 numquam
1745 1633 1895 1684 probari
1925 1635 2054 1685 poss‘e,
2099 1639 2267 1677 Latinam

1247 1685 1334 1725 effe.
1363 1685 1439 1724 Sed
1460 1685 1611 1724 laterem
1630 1686 1809 1724 lavarunt.
1831 1696 1914 1723 nam
1929 1686 2026 1725 idem
2043 1687 2108 1727 ille
2118 1689 2265 1735 Titius,

1248 1735 1387 1775 erroris
1421 1745 1534 1775 tenax
1551 1764 1562 1779 ,
1599 1736 1693 1773 hanc
1724 1736 1906 1775 crambem
1938 1737 2063 1776 denuo
2094 1742 2264 1785 recoxit,

1247 1793 1376 1824 contra
1416 1786 1631 1835 Scioppium
1674 1786 1808 1824 acriter
1836 1787 2026 1835 insurgens
2063 1789 2103 1827 in
2141 1792 2267 1829 Libris

1248 1838 1387 1875 Locor.
1423 1836 1611 1877 Controv.
1639 1835 1735 1886 apud
1755 1847 1813 1876 me
1832 1837 2001 1889 ineditis.
2026 1851 2119 1889 quos
2138 1842 2269 1888 priori-

1246 1887 1314 1925 bus
1338 1885 1477 1926 addere
1496 1885 1758 1932 destinaverat,
1783 1889 1919 1935 Jaetnns
1936 1890 2056 1936 timul,
2071 1889 2115 1940 se
2133 1895 2267 1932 coriam

1246 1938 1425 1990 Scaliger-0
1457 1935 1546 1987 istac
1573 1940 1615 1978 de
1646 1950 1684 1976 re
1719 1937 1946 1991 defretuiffe,
1982 1943 2200 1992 eamdemque
2223 1943 2266 1994 se

1245 1996 1380 2037 operam
1400 1989 1558 2036 Scioppio
1581 1987 1755 2039 praestare
1770 2019 1780 2034 ‚
1806 1993 1890 2039 quia
1909 1991 1967 2041 fic
1987 1991 2100 2041 asinos
2108 1992 2260 2045 solebat.

1245 2038 1306 2078 sed
1323 2050 1400 2091 non
1426 2039 1493 2078 nifi
1516 2040 1692 2090 ampullas
1715 2039 1750 2076 δί
1769 2041 1892 2079 inania
1910 2047 2137 2082 contumacis
2163 2057 2266 2084 arro·

1242 2091 1387 2140 gantiae
1419 2091 1534 2129 verba
1581 2089 1728 2129 effudit.
1754 2101 1878 2128 veram
1920 2093 2115 2131 lefflonem
2161 2095 2266 2132 ludos

1243 2143 1375 2191 probat
1391 2140 1578 2181 ovidiana
1601 2139 1758 2179 imitatio
1783 2141 1896 2190 Epist.
1914 2143 2026 2180 XVI.
2046 2154 2128 2191 150.
2150 2155 2259 2194 quein

1242 2193 1364 2231 locum
1385 2202 1571 2242 oportune
1587 2193 1697 2232 etiam
1725 2191 1872 2240 profert
1903 2193 2170 2243 Broukhufius‚
2198 2196 2264 2235 ubi

1241 2243 1289 2284 de
1312 2243 1461 2284 Helena
1482 2244 1605 2291 Paris,

1296 2321 1403 2361 More
1420 2329 1503 2361 tuae
1550 2323 1642 2360 entis
1661 2323 1775 2361 nitida
1793 2323 1878 2362 dum
1894 2323 1991 2364 nuda
2008 2319 2179 2371 palaestra
2263 2358 2266 2361 ,

1346 2373 1486 2421 Ludis,
1513 2333 1564 2422 fig?
1591 2385 1628 2412 es
1648 2375 1754 2412 nudis
1767 2373 1914 2425 femina
1930 2377 2047 2415 mixta
2069 2377 2171 2413 viris.

1244 2454 1293 2495 fic
1312 2452 1360 2493 de
1377 2452 1506 2492 eadem
1526 2452 1674 2492 Helena
1694 2452 1787 2492 infra
1804 2464 1841 2493 v,
1863 2463 1926 2499 19.

1252 2540 1256 2544 ’
1297 2524 1398 2567 Inter
1414 2536 1496 2575 ques
1517 2523 1652 2562 Helene
1674 2523 1779 2562 nudis
1794 2531 1912 2571 capere
1932 2536 2029 2563 arma
2043 2527 2189 2574 papillis

1346 2575 1497 2622 Fertur,
1523 2587 1586 2614 nec
1594 2574 1732 2625 fratres
1752 2574 1929 2627 erubmffe
1950 2575 2056 2615 Deos.

1246 2654 1282 2694 δι
1300 2653 1389 2693 binc
1404 2652 1501 2704 apud
1521 2652 1723 2693 Lucianum
1745 2652 1908 2689 Dearum
1926 2648 2072 2700 Judicio
2089 2651 2202 2690 Tom.
2213 2647 2254 2690 ’1.

1245 2717 1328 2756 pag.
1346 2711 1441 2752 264.
1456 2704 1515 2744 ed.
1530 2702 1660 2742 noviss‘.
1681 2701 1728 2739 de
1743 2699 1893 2740 eadem:
1916 2699 2051 2747 γυμιὲς
2070 2701 2123 2751 mis>
2140 2701 2253 2740 vom&

1249 2758 1308 2804 ,φὶς
1342 2753 1552 2799 παλαις-αὖ.
1578 2754 1640 2792 ubi
1668 2751 1754 2789 vide
1783 2753 2021 2799 interpretes.
2045 2754 2129 2802 quia
2161 2763 2254 2790 vero

1246 2807 1370 2847 laudes
1387 2807 1484 2846 male
1504 2809 1541 2845 in
1572 2802 1652 2843 edd.
1674 2801 1822 2840 vetustis
1846 2797 2053 2851 legebatur}
2081 2803 2169 2842 hinc
2188 2813 2256 2841 eo-

1244 2858 1332 2898 dem
1356 2857 1469 2896 modo
1490 2858 1608 2895 locum
1635 2853 1734 2892 hunc
1761 2854 1870 2892 etiam
1893 2851 2065 2894 adferunt
2080 2853 2254 2903 plurimi.

1247 2911 1310 2955 qui
1331 2908 1380 2949 de
1399 2908 1577 2954 agonibus
1598 2905 1824 2954 gymnasticis
1845 2903 2082 2954 scripserunt.
2108 2911 2255 2953 praeter

1249 2960 1360 2999 Hier.
1388 2955 1653 2998 Mercurialem
1684 2956 1768 2994 Lib.
1800 2956 1832 2994 1.
1856 2953 1904 2992 de
1936 2955 2030 2994 Arte
2068 2955 2257 3005 Gymnast,

1249 3021 1329 3100 {ii
1358 3005 2258 3097 {zipffissssi'iuissffissffi“‘ssdiafisssseffi

1247 3109 1410 3157 virgines
1457 3109 1652 3162 spartanas
1693 3107 1797 3150 fimul
1851 3118 1934 3147 cum
1980 3107 2068 3147 viris
2110 3106 2258 3146 iue'tatas

1299 3161 1404 3203 Llil
1443 3214 1445 3216 Ι
2157 3152 2263 3195 fuiss'e
