2618 3652
440 251 723 326 '·’c;2Y'
794 263 860 322 N
935 263 985 321 T
1058 247 1120 321 H
1192 243 1269 319 '19

1294 242 1368 320 A.
1407 242 1448 249 ἡ
1515 248 1634 322 L‘1'
1667 253 1714 322 1³]
1791 249 1838 326 1.'
1903 236 1917 242 Ν
2202 257 2323 346 T105

523 395 650 452 Nec
677 380 1035 468 vigilare'alio
1057 379 1316 456 nomine,
1361 391 1518 448 cedat
1546 395 1715 448 Amor
1733 396 1760 449 *ἓ

454 472 568 546 Qui
596 487 709 526 non
734 474 859 524 an'te
884 479 1069 540 patet,
1116 467 1293 525 donec
1321 485 1511 526 manus
1543 469 1732 543 adtigit
1761 468 1883 524 offa.

267 698 338 737 28.
363 692 445 735 Nec
461 693 614 745 vigilare
629 694 700 734 alio
717 695 874 741 nomine,
901 693 1003 734 cedat
1024 693 1151 745 Amor]
1171 696 1241 734 alio

222 746 345 788 nmine
371 744 558 784 Heinsius.
582 755 623 784 ut
643 745 741 786 infra
767 746 834 785 El«
851 757 912 796 34.
938 758 1007 784 non
1027 748 1099 785 alio
1117 748 1239 786 limine

216 799 256 837 d·
305 807 350 835 us
369 807 458 835 eras.
474 796 537 835 ubi
558 797 655 837 vide.
677 797 712 836 δι
735 797 837 846 supra
855 797 901 834 ad
922 797 980 835 El.
998 796 1063 836 IV.
1091 809 1154 837 22.
1178 796 1240 837 sed

236 849 255 858 ''
285 847 310 885 il
327 846 390 886 hic
408 846 632 888 mutandum.
657 850 730 887 alio
759 850 894 887 nonrine
911 847 972 885 hic
993 847 1067 893 est,
1093 848 1164 886 alia
1190 848 1239 888 de

209 896 351 946 causta,
375 906 418 938 ut
445 899 546 938 reete
575 899 743 939 Pafferat.
768 909 851 937 nam
869 901 960 938 alios
976 899 1071 938 male
1096 900 1135 937 in
1147 899 1236 947 cod.

212 950 346 990 Heins.
373 948 422 988 fic
440 949 535 1000 apud
554 951 753 990 Horatium
779 951 864 990 Lib.
889 952 960 989 ΠΙ.
979 948 1043 988 od.
1065 962 1126 1007 zi.
1143 961 1178 989 v.
1198 963 1235 1000 5.

259 1017 490 1111 gammae
501 1018 645 1071 foetum
669 1021 814 1060 numine
842 1015 1036 1069 Mafficum
1126 1026 1146 1058 ’,

290 1083 411 1120 emas,
1061 1087 1064 1091 ·

211 1193 310 1231 reae
325 1193 538 1242 explicasset
547 1192 771 1242 fflentlejm,
797 1193 926 1242 postea
952 1201 1075 1232 tamen
1094 1202 1236 1232 mutan-

215 1241 303 1283 dum
324 1244 510 1290 conjecit,

257 1311 491 1379 Quocumque
503 1303 646 1368 foetum
666 1301 811 1354 numine
839 1295 1042 1365 Mafficum.

208 1391 259 1432 ita
286 1399 407 1430 tamen
433 1397 476 1428 ut
506 1386 676 1427 diffidere
701 1386 895 1431 videatur,
927 1395 973 1422 an
1004 1386 1092 1422 viris
1120 1384 1235 1423 doctis

188 1467 191 1473 ·
210 1443 421 1490 conjeerura
432 1440 531 1479 ,haec
545 1440 588 1483 se
604 1437 800 1488 probatura
822 1436 873 1473 sit.
890 1436 972 1474 Cic.
988 1437 1058 1474 111.
1079 1436 1233 1479 Verrin.

209 1505 290 1545 cap.
313 1504 374 1540 95.
393 1491 456 1530 fin.
472 1498 574 1529 tanta
591 1487 712 1527 licebit
728 1494 792 1535 per
809 1487 919 1524 ceuae
934 1496 1056 1522 nomen
1073 1482 1234 1533 aestima·

186 1539 308 1585 'tionis-
335 1538 581 1591 magnitudine
604 1535 852 1589 ,confiquatun
904 1546 1098 1586 perperam
1144 1546 1234 1584 quo-

206 1605 281 1645 que
313 1591 505 1639 Livineius
522 1587 601 1628 'alio
631 1590 768 1626 nomine
798 1587 954 1635 exponit
974 1615 984 1632 .
1020 1588 1095 1633 alia
1131 1587 1232 1635 puel-

203 1647 252 1689 la,
281 1644 436 1696 vegilare
467 1643 538 1680 alio
563 1641 700 1691 nomine
723 1638 784 1677 hic
812 1639 865 1677 est
880 1668 890 1684 ,
914 1639 996 1677 aliis
1026 1639 1136 1676 rebus
1167 1648 1229 1675 oc-

202 1703 376 1745 cupatum
408 1692 482 1733 effe
498 1722 510 1736 ‚
537 1702 632 1741 quae
657 1702 679 1727 a
698 1689 821 1738 puella
853 1689 1054 1734 abducant,
1071 1689 1107 1726 &
1134 1688 1232 1727 unde

208 1746 310 1786 cedat
339 1744 470 1790 Amor,
496 1753 574 1781 non
592 1753 664 1793 pro
688 1742 851 1781 concedar
868 1770 879 1787 ,
907 1749 948 1780 ut
967 1739 1062 1779 male
1089 1739 1231 1788 Lipsius

208 1797 297 1838 Lib.
341 1797 413 1835 ΙΙΙ.
445 1796 538 1834 Var.
569 1793 672 1831 Lec‘t.
704 1802 783 1842 cap.
816 1801 851 1839 7.
875 1790 936 1830 sed
960 1802 1016 1829 ea
1050 1791 1230 1835 notione,

179 1842 277 1897 [qua
302 1844 462 1898 Ovidius
481 1845 522 1883 in
545 1844 658 1883 Rem.
682 1843 770 1884 Am.
795 1854 834 1881 v.
860 1853 946 1890 139.
966 1840 1003 1891 §t
1027 1840 1122 1890 seqq.
1144 1840 1231 1879 loco

200 1897 395 1951 adposito,
542 1915 546 1937 :
779 1913 786 1917 »
932 1915 936 1920 ’

184 1991 189 1995 ·
255 1969 347 2011 otia
358 1967 396 2021 fi
422 1969 541 2013 tollas,
567 1968 702 2016 periere
730 1964 920 2013 Cupidinis
943 1974 1069 2008 arcus,

259 2052 263 2057 .
309 2022 570 2069 Commtaeque
580 2018 718 2068 jacent,
728 2013 786 2063 Β·
794 2014 875 2065 fine
891 2017 973 2053 *luce
981 2035 994 2060 ‚‹
996 2012 1122 2065 faces:
1133 2012 1201 2051 &c.

261 2071 350 2111 Tam
364 2074 486 2110 Venus
503 2071 576 2107 oria
598 2075 702 2105 amat.
718 2069 781 2116 qui
791 2063 902 2114 finem
919 2066 1060 2114 quaeris
1077 2066 1226 2110 amoris,

292 2163 294 2165 ,
310 2121 414 2159 Cedit
430 2122 541 2158 Amr
556 2119 680 2163 rebus,
705 2128 761 2155 res
778 2127 865 2167 age.-
893 2121 993 2154 tutus
1010 2117 1092 2153 eris.

202 2193 251 2233 fic
280 2180 377 2242 'apud
403 2188 596 2229 Tibullum
627 2186 722 2226 cedit
753 2187 864 2225 Amor
879 2214 891 2233 ‚
933 2196 983 2224 ex
1021 2184 1229 2232 conjectura

201 2241 349 2284 Heinfii
365 2238 628 2280 restituendum
654 2235 728 2284 est,
754 2237 839 2276 Lib.
861 2238 933 2277 ΠΙ.
958 2236 1019 2276 ΕΙ.
1040 2241 1077 2278 6.
1103 2249 1142 2286 4.

302 2312 411 2361 Saepe
430 2318 492 2350 tuo
515 2311 608 2350 cedit
627 2319 768 2349 murum
789 2296 908 2347 viaur
928 2306 1052 2346 Amor.

173 2412 178 2420 .
253 2382 309 2424 od·
325 2382 477 2433 propius
502 2380 629 2421 insistit
661 2380 830 2427 vulgatae
858 2375 997 2416 cecidit.
1023 2386 1129 2426 quam
1153 2375 1224 2429 ces-

193 2397 266 2488 22¹,
293 2442 344 2481 ἠ’
538 2429 817 2522 {ruffin
841 2427 1221 2519 ffirffzss’sszrss‘gffszz

172 2537 180 2542 “
205 2483 536 2585 ῗωεὲηὲξῑῑιοὲἒῗῃῐζ
570 2490 975 2575 in'ver'l'115⁰Petr¹onii‚
1008 2531 1111 2577 cujus
1143 2530 1220 2568 illic

207 2588 375 2627 meminit
404 2583 611 2626 Broukhus.
642 2580 827 2623 laudavit.
867 2581 1138 2630 Epigrammate
1169 2583 1224 2620 ni·

203 2640 338 2678 mirum
360 2637 408 2676 de
427 2640 612 2681 Fortuna,
637 2631 738 2685 quod
771 2630 871 2671 edidi
898 2632 1013 2672 Tom.
1039 2635 1071 2673 Ι.
1101 2632 1219 2672 Anth.

201 2692 285 2731 Lat.
302 2700 338 2739 p.
362 2692 458 2738 605.·
847 2735 852 2742 ι
1035 2720 1040 2723 .

299 2772 386 2799 uum
397 2756 546 2804 fortuna
565 2763 701 2801 manet,
729 2747 867 2794 vnlffim
875 2750 1032 2807 servatis
1045 2755 1153 2793 amici
1162 2783 1173 2801 ‚

308 2811 435 2869 Quum
455 2806 571 2853 cedit,
594 2808 693 2858 turpi
716 2807 855 2858 vertitis
873 2818 930 2858 ora
941 2803 1057 2857 fuga.

111 2896 113 2898 ·
174 2919 179 2925 .
204 2881 366 2932 eleganti
382 2875 615 2928 oppositione
636 2883 753 2916 manet
777 2875 939 2916 dt‘cedit'.
967 2886 1045 2914 non
1063 2875 1188 2914 cecidit
1206 2905 1216 2921 ,

193 2935 245 2976 ‚u‘t
278 2934 356 2972 illic
396 2938 543 2980 quoque
580 2928 674 2967 male
713 2926 802 2967 olim
837 2926 1027 2966 edebatur.
1084 2925 1219 2965 Sensus

202 2987 310 3036 igitur
334 2982 441 3027 hujus
459 2979 537 3018 loci
558 2977 636 3024 est,-
661 2979 944 3024 anicedmxhoc
975 2976 1028 3016 est
1045 2976 1215 3026 cederet,

172 3077 174 3080 ,
199 3038 318 3078 Amor
351 3033 415 3074 ubi
446 3027 610 3080 quotidie
635 3029 859 3080 praesentem
881 3038 967 3068 ante
991 3029 1118 3066 oculos
1152 3029 1214 3066 ha-

172 3110 176 3114 -
201 3090 331 3128 bemus
355 3082 515 3135 puellam
530 3110 542 3131 ,
589 3086 709 3130 neque
739 3080 819 3121 allis
848 3081 960 3123 rebus
987 3079 1214 3131 invigilando

351 1141 485 1182 eodem
521 1142 643 1187 sensu,
677 1140 772 1181 duce
801 1142 956 1186 Acrone
973 1170 984 1187 ‚
1025 1141 1126 1190 prius
1152 1153 1236 1184 cum
1267 1165 1271 1175 ι

1990 572 1997 574 -
2039 564 2128 617 30.
2162 549 2316 624 Quis-

1289 695 1365 734 otia
1384 695 1625 741 tollimus3ut
1648 695 1727 734 fere
1749 687 1960 745 exponebat
1981 693 2250 742 Broukhufius,
2278 696 2316 736 dc

1288 746 1408 786 lucem
1432 745 1603 785 adferunt
1623 748 1705 791 illa.
1732 758 1826 797 quae
1847 754 2047 786 occurrunt
2067 745 2154 786 Lib.
2175 749 2228 787 11.
2250 748 2308 788 El.

1298 808 1336 837 2.
1363 809 1398 846 ς.
1422 796 1456 834 ἃ
1477 798 1574 846 seqq.

1342 868 1456 908 Liber
1475 880 1590 914 eram,
1621 864 1672 914 ὅ)
1690 880 1799 907 vacuo
1816 870 2016 919 quaerebam
2036 871 2156 908 vivere
2171 868 2280 916 Ιεᾶος

1393 921 1448 958 At
1468 931 1521 957 me
1537 916 1707 968 conpofita
1729 927 1812 966 pace
1825 918 1968 969 fefellit
1994 922 2114 961 Amor.
2180 922 2204 937 ·”

1341 970 1584 1030 Quaerebam,
1604 969 1700 1018 ficca
1713 968 1877 1021 fipoffet
1898 970 2002 1021 piscis
2022 984 2145 1019 arena,

1391 1022 1472 1060 Nec
1482 1021 1615 1073 solitus
1627 1029 1730 1070 ponto
1752 1025 1868 1059 vivere
1889 1029 2010 1059 torvus
2026 1030 2131 1069 aper3

1338 1074 1420 1113 Aut
1443 1086 1506 1121 ego
1519 1070 1555 1120 fi
1567 1073 1697 1124 poffem
1716 1069 1852 1121 studiis
1875 1073 2026 1121 vigilare
2039 1072 2188 1123 severis.

1392 1124 1602 1176 Drffenur,
1629 1136 1820 1174 numquam
1836 1124 1975 1161 tollitur
1998 1125 2096 1162 alsus
2116 1127 2239 1164 Amor.

1283 1202 1447 1234 ceterum
1480 1193 1561 1244 post
1589 1193 1688 1231 hunc
1719 1193 1863 1231 versum
1893 1191 2024 1233 desunt
2044 1194 2083 1233 in
2115 1193 2220 1234 Leid.
2247 1198 2314 1244 pr.¹

1285 1244 1321 1282 ἃ
1338 1243 1444 1283 Voff.
1471 1252 1600 1294 quarto
1629 1243 1770 1293 reliqua
1795 1244 1906 1293 usque
1927 1244 1973 1283 ad
1998 1257 2033 1284 v.
2065 1258 2126 1295 27.
2159 1246 2313 1295 Elegiae

1268 1293 1356 1332 XI.
1401 1293 1461 1331 sed
1492 1305 1584 1341 quae
1613 1295 1650 1331 in
1689 1296 1759 1333 illis
1792 1293 1981 1335 codicibus
2014 1296 2197 1336 habentur
2228 1297 2312 1348 post

1285 1343 1428 1382 versum
1451 1342 1648 1393 secundum
1668 1345 1775 1394 Eleg.
1793 1346 1903 1397 XIV.

1337 1432 1399 1466 29.
1431 1420 1512 1480 Qui
1534 1435 1603 1460 non
1623 1430 1705 1461 ante
1734 1430 1853 1471 patet,
1891 1425 1995 1464 donec
2025 1438 2151 1465 manus
2169 1427 2308 1487 adtigit

1285 1470 1375 1522 offa]
1396 1482 1496 1508 varie
1516 1472 1683 1509 exercuit
1705 1474 1811 1511 viros
1836 1475 2000 1514 eruditos
2021 1475 2082 1515 hic
2103 1478 2224 1524 locus,
2253 1489 2310 1516 m-

1283 1522 1433 1561 telleetu
1462 1521 1642 1559 difficilis.>
1659 1521 1821 1571 Scaliger
1856 1525 1896 1561 in
1919 1526 2037 1574 prima
2064 1527 2230 1568 editione
2256 1529 2308 1568 le-

1281 1572 1441 1625 gendum
1460 1573 1691 1619 conjecerat,
2302 1573 2308 1576 ’

1337 1643 1409 1682 Cui
1431 1656 1498 1683 mm
1513 1650 1596 1682 ante
1613 1650 1729 1692 patet,
1756 1643 1862 1684 donec
1877 1657 2003 1685 manus
2019 1647 2172 1698 adtigit,
2192 1648 2282 1701 offa.

1283 1713 1451 1762 singulari
1475 1714 1541 1752 hac
1560 1712 1817 1763 expositione,
1845 1717 2062 1766 quicumque
2086 1728 2163 1757 non
2185 1718 2306 1762 credis

1284 1773 1323 1804 te
1343 1765 1541 1805 fruiturum
1569 1774 1631 1810 re,
1657 1764 1724 1802 nisi
1752 1776 1833 1803 eam
1856 1778 1965 1806 manu
1987 1767 2275 1818 adprehenderis
2293 1803 2305 1820 ,

1281 1815 1435 1855 ᾱεάυᾶει
1459 1816 1650 1854 locutione
1672 1826 1693 1851 a
1710 1818 1934 1864 proverbio,
1961 1830 2037 1866 quo
2057 1821 2215 1858 Romani
2235 1821 2302 1861 bo-

1282 1868 1356 1906 lum
1387 1868 1422 1906 &
1439 1865 1753 1906 offam-dicebant,
1767 1871 1837 1916 pro
1856 1867 2009 1918 praeda,
2022 1880 2116 1918 quae
2135 1869 2317 1913 manibus'

1280 1926 1443 1968 tenetur.
1496 1917 1571 1957 Sed
1596 1917 1687 1956 haec
1717 1920 1850 1957 merito
1867 1920 2024 1971 explosit
2060 1920 2272 1962 Passeratius
2287 1954 2301 1972 ,

1280 1968 1316 2007 dt
1344 1979 1445 2019 certe
1469 1968 1594 2007 mirari
1622 1969 1728 2014 licet,
1767 1977 1906 2009 tantum
1935 1972 2052 2010 virum
2079 1972 2174 2011 hanc
2201 1985 2304 2014 men-

1279 2026 1354 2058 tem
1378 2020 1514 2070 poetae
1531 2018 1619 2055 dare
1635 2019 1806 2067 potuisse.
1829 2022 1865 2059 in
1885 2023 1980 2060 curis
2000 2034 2093 2061 vero
2113 2023 2298 2071 secundis,

1276 2080 1363 2119 quas
1389 2079 1466 2108 non
1489 2067 1617 2106 vidiffe
1646 2069 1877 2108 Paffemtium
1901 2073 2055 2120 opinor,
2080 2075 2214 2121 reJeeta
2234 2077 2299 2116 ista

1276 2120 1542 2166 hariolatione,
1568 2119 1619 2156 ita
1654 2119 1746 2157 haec
1764 2120 2045 2170 interpretatur,
2072 2125 2190 2163 Amor
2217 2138 2296 2168 non

1278 2180 1366 2210 ante
1386 2178 1508 2221 patet,
1535 2180 1640 2220 quam
1667 2171 1847 2210 emaciato
1873 2183 2053 2221 corpore,
2079 2174 2152 2211 offa
2170 2173 2296 2217 cutem

1278 2223 1390 2271 ipsam
1409 2232 1528 2270 paene
1546 2221 1785 2270 pertundam,
1816 2229 1854 2259 ut
1874 2223 1947 2272 ipsa
1967 2234 2074 2262 manu
2096 2226 2195 2272 tangi
2211 2229 2298 2278 pos.

1278 2274 1359 2323 sint,
1411 2274 1499 2312 Huc
1536 2272 1683 2313 trahunt
1710 2272 1879 2313 nonnulli
1917 2273 2009 2313 illud
2040 2284 2088 2314 ex
2118 2277 2205 2317 Lib.
2233 2281 2288 2319 Π.

1275 2325 1339 2366 ΕΙ.
1359 2336 1421 2374 25.
1447 2329 1510 2366 60.

1324 2395 1444 2450 Quem
1462 2397 1587 2448 tetigit
1610 2395 1705 2435 ταῦτα
1725 2403 1839 2436 certus
1859 2397 1905 2435 ad
1924 2396 1997 2450 offa
2017 2395 2131 2437 Deus.

1271 2466 1332 2506 sed
1370 2477 1438 2517 pro
1472 2467 1564 2505 mala
1597 2465 1753 2505 lediione
1784 2467 1908 2517 tetigit
1926 2465 2025 2507 taffu
2058 2466 2134 2505 illic
2153 2468 2286 2518 jaan,

1271 2517 1310 2556 id
1327 2519 1380 2558 est
1395 2517 1536 2571 jaculo,
1564 2519 1622 2557 vel
1655 2529 1758 2566 arcu,
1785 2516 2001 2566 legendum,
2031 2516 2066 2556 δι
2087 2518 2161 2556 allo
2181 2520 2285 2564 sensu

1271 2567 1547 2619 intelligendum
1583 2568 1675 2613 esse,
1702 2579 1749 2607 ex
1776 2569 1875 2607 notis
1912 2568 2127 2608 Broukhusii
2169 2577 2286 2620 patet.

1273 2621 1383 2660 Hanc
1410 2629 1530 2659 tamen
1551 2620 1724 2669 Scaligeri
1744 2619 2010 2670 expositionem
2040 2620 2216 2672 sequitur,
2246 2619 2284 2660 ἀ

1269 2673 1424 2723 amplius
1461 2671 1610 2710 illustrat
1648 2669 1865 2709 Gebhardus
1887 2700 1897 2716 ,
1935 2671 2068 2718 rejeeta
2100 2670 2286 2711 Passeratii

1272 2723 1531 2774 explicatione.
1583 2726 1627 2762 ln
1650 2722 1836 2760 nonnullis
1862 2730 1996 2773 nempe
2017 2719 2205 2775 codicibus
2229 2723 2283 2771 le.

1269 2776 1439 2823 gebatur,
1468 2774 1570 2812 donec
1591 2775 1683 2811 cutis
1717 2773 1842 2824 attigit
1871 2772 1962 2825 qffa3
1989 2782 2030 2812 ut
2048 2783 2096 2812 ex
2118 2776 2282 2813 Gronin-

1267 2837 1364 2875 gano
1385 2824 1504 2864 adfert
1520 2822 1723 2863 Broukhus.
1739 2824 1774 2862 ἃ
1793 2824 1839 2866 fic
1857 2824 1899 2867 in
1915 2824 2107 2874 Excerptis
2129 2827 2252 2863 Modii
2262 2854 2278 2874 ‚

1270 2872 1459 2927 in'quibus
1480 2876 1588 2913 etiam
1612 2877 1766 2924 arrigat.
1796 2883 1837 2914 ut
1851 2875 2026 2923 inprimo
2044 2875 2147 2914 Leid.
2175 2876 2207 2913 ἃ
2230 2888 2280 2916 ex

1268 2929 1329 2967 illa
1359 2930 1451 2967 cutis
1475 2927 1630 2964 leffione
1654 2934 1776 2971 natum
1798 2925 1979 2974 est‚quod
2002 2927 2037 2965 in
2062 2927 2142 2965 aliis
2165 2927 2279 2967 habe-

1267 2988 1325 3019 tur
1351 2986 1459 3017 catus.
1498 2977 1537 3014 in
1567 2977 1701 3014 ceteris
1720 2977 1911 3020 omnibus,
1947 2977 1981 3015 &
2006 2979 2161 3028 antiquis
2194 2978 2278 3018 edd.

1264 3031 1368 3081 donec
1395 3040 1522 3067 manus
1543 3027 1690 3078 adtigit
1709 3041 1726 3066 o
1755 3042 1790 3071 a.
1833 3028 2004 3073 Heinsius
2040 3039 2272 3075 tentaverat,

1265 3080 1506 3170 donecomedia
1528 3079 1660 3132 adtigit
1680 3091 1697 3117 o
1730 3092 1771 3129 a,
1800 3080 1860 3120 vel
1887 3083 2018 3129 tacita,
2043 3090 2105 3121 aut
2123 3081 2279 3168 [ωηνηιῗ.

2192 3133 2246 3171 Ce
2263 3157 2276 3170 .
