2514 3626
288 246 424 330 wi
533 242 768 310 sex
848 241 1330 303 aventu

1370 244 2190 324 IPROPERTtl

525 379 602 438 Et
642 376 767 434 satis
808 377 915 431 u'n'a
955 375 1126 430 malae
1168 378 1351 446 potuit
1391 384 1535 434 mors
1579 377 1682 437 effe
1723 386 1937 455 puellae
1953 390 1980 452 ,'
2047 392 2052 395 ’

602 455 756 528 Quae
799 452 978 507 voluit
1019 449 1253 506 flammas
1296 452 1518 521 falleres,
1565 455 1760 525 Vesta,
1807 464 1969 518 tuas?

530 534 583 589 A
625 532 761 584 duce
805 524 1036 597 Tarpejo
1080 543 1236 583 mons
1282 529 1359 582 est
1403 548 1707 602 cognomen
1749 537 1994 613 adeptus·

606 607 657 662 O
698 601 1132 677 vigil,'injustae
1174 605 1411 675 praemia
1451 607 1604 664 sortis
1647 613 1835 670 habes.

353 862 418 898 91.
447 850 598 904 Etsatz's
614 863 687 890 una
707 851 819 889 malae
834 851 950 898 potuit
968 846 1059 889 mors
1078 848 1149 901 effe
1159 852 1298 900 puellae
1310 878 1323 896 ,

301 902 405 957 Quae
436 905 548 942 voluit
580 902 670 954 δια]
697 902 771 946 hoc
794 902 978 941 distichon
995 930 1007 948 ,
1042 913 1063 940 a
1090 903 1324 941 Broukhusio

296 955 369 993 huc
398 966 639 1001 revocatum,
669 958 708 994 in
743 955 860 994 MSS.
890 952 998 992 codd.
1038 952 1072 991 ἃ
1113 954 1254 993 excufis
1283 954 1324 992 li-

295 1007 371 1045 bris
405 1015 514 1046 antea
543 1008 731 1059 legebatur
755 1004 838 1054 post
863 1017 899 1043 v.
935 1009 996 1045 16.
1028 1005 1144 1043 Haud
1161 1005 1258 1058 satis
1284 1005 1323 1044 in

298 1070 333 1097 v.
359 1071 392 1097 c.
417 1059 580 1106 Perreji,
613 1058 839 1102 Colotiano‚
865 1057 989 1107 primo
1010 1055 1046 1094 &
1078 1057 1149 1096 sec.
1179 1058 1326 1095 Vatica-

297 1121 363 1149 no.
382 1113 454 1158 *An
475 1109 571 1161 satis
602 1121 675 1147 una
697 1110 784 1146 mali
805 1109 922 1156 potuit
950 1118 1041 1145 mors
1064 1106 1135 1157 effe
1156 1108 1325 1154 puellae?

296 1162 361 1200 vel
382 1160 600 1212 Hauasatis
625 1158 801 1198 Heinsius
827 1160 910 1195 Lib.
937 1160 968 1195 Ι.
998 1156 1157 1196 Advers.
1184 1167 1266 1207 cap.
1290 1168 1327 1197 1.

296 1224 379 1263 pag.
414 1223 471 1258 13.
500 1221 540 1250 ut
557 1213 686 1249 innuat
706 1218 866 1247 mortem
888 1208 1015 1246 sceleri
1036 1208 1224 1258 Tarpejae
1246 1218 1324 1247 non

298 1264 480 1303 suffecisse
501 1270 655 1310 propter
680 1258 954 1308 proditionem,
982 1259 1017 1297 &
1049 1259 1238 1300 extinctos
1263 1270 1324 1299 ae-

298 1323 427 1354 ternos
459 1313 594 1353 Vestae
627 1314 753 1362 ignes,
781 1311 871 1350 hinc
901 1310 981 1362 ipsa
1015 1311 1181 1362 Tarpeia
1218 1311 1333 1363 supra'

298 1377 335 1407 v.
363 1378 430 1415 41.

353 1461 544 1518 Quantum
565 1454 752 1559 ἕέἕηζςωη
786 1454 960 1508 Ausoniis
994 1457 1129 1496 crimen
1151 1454 1305 1508 foffura

400 1563 554 1612 Inproba
572 1560 734 1610 virgineo
753 1556 846 1596 leffa
867 1553 1135 1607 ministrafoco.

351 1695 419 1734 934
437 1683 478 1723 A
492 1683 579 1721 duce
605 1678 754 1728 Turpejo
772 1666 871 1716 mone
887 1673 937 1725 est
959 1686 1147 1726 cognomen
1167 1676 1331 1724 adeptus.

483 1733 517 1771 Ο
539 1733 654 1789 vigil,
684 1725 838 1779 injustae
857 1728 1015 1775 praemia
1023 1725 1135 1778 sonis
1158 1724 1295 1775 habea]

299 1831 427 1871 Locus
453 1836 531 1866 non
561 1829 703 1864 tantum
731 1820 909 1860 obscurus
925 1849 935 1867 ,
962 1818 1031 1859 sed
1057 1818 1189 1866 procul
1215 1816 1332 1857 dubio

300 1882 413 1921 etiam
443 1885 653 1927 corruptus.
682 1877 724 1913 A
755 1872 842 1911 duce
886 1871 1038 1922 Tarpeja
1065 1870 1104 1908 in
1133 1870 1332 1920 Excerptis

305 1933 503 1981 scaligeri,
529 1928 565 1967 &
586 1924 691 1966 Voss.
709 1931 855 1974 quarto.
884 1922 945 1962 sed
967 1924 1056 1962 licet
1077 1920 1248 1972 Tarpej0‚
1266 1921 1332 1960 vel

309 1984 464 2033 Tarpeja
490 1990 572 2018 cum
601 1975 803 2018 Pafferatio
831 1974 992 2024 legatur,
1019 1973 1118 2024 quod
1147 1972 1330 2023 probabat

301 2038 413 2076 etiam
431 2031 625 2075 Francius,
652 2028 776 2066 neutri
793 2033 899 2066 certe
920 2027 998 2065 dux
1022 2025 1221 2072 convenit,
1249 2019 1327 2064 five

303 2087 352 2126 de
383 2087 450 2136 Sp.
477 2081 670 2132 Tarpejo,
707 2078 816 2119 Arcis
846 2077 1055 2127 praefeeko,
1082 2077 1238 2126 virginis
1260 2087 1326 2127 pa·

300 2147 380 2186 tre,
409 2136 485 2176 sive
513 2134 560 2173 de
585 2131 749 2180 Tarpeia
771 2130 875 2178 ipsa,
899 2141 993 2179 quae
1014 2129 1124 2168 ductu
1157 2128 1226 2169 suo
1245 2129 1325 2167 Ta-

300 2192 392 2231 tium
418 2189 456 2227 in
479 2197 600 2226 arcem
635 2181 843 2228 admiserit,
871 2180 1132 2231 intelligamus.
1159 2190 1237 2219 non
1271 2181 1326 2218 in-

299 2244 387 2282 vitis
419 2239 528 2288 igitur
554 2234 672 2275 Mufis
702 2233 793 2272 mihi
831 2230 978 2271 videtur
1007 2231 1179 2272 Andreas
1206 2226 1326 2271 narra-

301 2305 391 2339 nus,
430 2290 568 2328 duabus
605 2286 812 2335 Epffiolis,
857 2281 904 2322 ad
939 2283 1118 2333 Vulpium
1158 2283 1320 2333 scriptis,

302 2344 454 2394 ejusque
478 2338 746 2380 commentario
772 2335 943 2388 insertis,
958 2335 1032 2374 hic
1054 2334 1322 2374 emendandum

256 2416 258 2421 ’
301 2393 506 2439 censuisse,
546 2393 586 2431 A
616 2400 709 2429 nece
742 2387 911 2437 Tarpejae
934 2399 1031 2426 mons
1057 2385 1106 2436 est
1134 2399 1323 2439 cognomen

305 2450 467 2496 adeptus.
495 2453 616 2491 neque
643 2443 742 2481 enirn
771 2451 792 2477 a
815 2438 985 2489 Tarpeio
1007 2439 1087 2485 ejus
1107 2446 1230 2486 patre,
1261 2437 1322 2476 sed

304 2512 326 2540 a
350 2496 517 2548 Tarpeia
540 2495 617 2533 illic
637 2493 777 2542 sepulta
803 2500 947 2528 nomen
971 2490 1135 2529 babuiffe
1156 2497 1321 2527 montem

305 2550 511 2599 Tarpeium
530 2545 629 2585 Festi
659 2544 784 2585 verbis
815 2540 938 2580 docet.
964 2551 1045 2579 earn
1070 2541 1109 2578 in
1136 2551 1213 2578 rem
1242 2540 1322 2588 plu-

264 2615 266 2617 *
306 2604 407 2643 ribus
428 2598 581 2648 inquirit
605 2596 694 2648 Just.
724 2592 911 2644 Rycquius
938 2590 986 2630 de
1013 2591 1175 2640 Capitol.
1205 2593 1319 2630 Rom.

304 2668 384 2704 cap.
403 2664 438 2701 3.
465 2649 540 2692 Sed
560 2660 638 2687 non
670 2647 806 2686 minori
831 2642 1038 2697 difficultati
1059 2643 1244 2681 obnoxius
1272 2643 1326 2681 est

305 2707 453 2745 ultimus
473 2701 599 2741 versus
612 2729 622 2746 ,
635 2700 671 2738 in
690 2709 765 2748 quo
783 2694 1136 2746 exponendo-,valde
1154 2694 1327 2733 aestuasse

308 2755 541 2796 Passeratium
568 2761 672 2790 notat
693 2747 966 2791 Broukhuiius‚
980 2749 1088 2796 quem
1109 2755 1232 2785 tamen
1249 2757 1326 2784 non

306 2806 455 2848 felicius
482 2806 542 2843 hic
576 2803 758 2842 versatum
791 2799 866 2839 effe
897 2799 1054 2848 opinor,
1083 2798 1168 2837 dum
1192 2807 1325 2835 vocem

314 2859 408 2909 vigil
437 2855 553 2892 refert
582 2854 625 2891 ad
658 2864 792 2899 canes,
815 2851 994 2899 Capitolii
1025 2848 1210 2898 custodes,
1239 2859 1332 2897 quos

314 2906 513 2956 Tarpejam
533 2905 632 2943 ferro
655 2904 797 2943 necass‘e
813 2932 823 2950 ,
850 2914 900 2941 ne
929 2902 1060 2941 latratu
1086 2912 1162 2941 rem
1192 2899 1329 2950 prode—

312 2969 416 3005 rent,
442 2956 585 2994 dixerat
604 2968 642 2993 v.
667 2960 727 2996 82.
755 2955 790 2993 ἀ
809 2953 909 3004 quod
932 2952 1062 3000 addat,
1092 2952 1330 3002 Propertium

317 3012 408 3051 duas
434 3003 681 3047 historias'de
707 3006 857 3043 canibus
882 3017 902 3043 a
927 3005 1090 3055 Tarpeja
1116 3002 1264 3048 occifis‚
1294 3001 1330 3041 δι

313 3070 482 3111 tempore
512 3059 572 3096 M.
610 3057 748 3094 Manlii
785 3057 988 3106 Capitolini
1031 3056 1170 3106 punitis
1207 3053 1338 3093 consuo

312 3115 426 3163 diffe,
450 3110 560 3165 plane
583 3104 842 3160 ἀπροσὸιὸνυσοι
860 3109 924 3150 est.
948 3107 1100 3150 fuerunt
1115 3108 1246 3156 etiam,
1274 3103 1339 3157 qui

2178 686 2402 748 ELEG.

1374 849 1420 890 ad
1441 850 1578 903 Jo‘vem
1597 856 1730 897 rei‘erri
1742 858 1846 909 poss‘e
1857 860 2108 901 existimarent
2115 839 2270 911 propter
2280 869 2318 899 v.
2332 861 2399 909 84.

1566 950 1701 966 -—
1718 933 1787 986 sed
1810 934 1967 988 Jupiter
1993 949 2089 976 unus

1525 982 1699 1024 Decrevit
1715 993 1835 1034 poenis
1857 991 2051 1041 invigilare
2066 987 2158 1042 suis.

1373 1067 1497 1107 neque
1528 1058 1703 1099 satisfacit
1732 1060 1931 1108 Heinfius,
1962 1061 2026 1111 qui
2040 1060 2266 1108 conjecerat
2295 1055 2402 1114 Quae

1376 1109 1498 1158 ''¹⁰85'’
1531 1108 1684 1158 Tarpeja
1713 1122 1870 1160 nempe,
1897 1123 1944 1151 ex
1971 1124 2094 1162 praec.
2130 1111 2250 1151 versu.
2284 1111 2403 1159 Fran·

1373 1159 1454 1195 cius
1481 1159 1718 1206 conjecerat,
1758 1159 1793 1197 Ο
1829 1163 1951 1210 vigil,
1981 1162 2040 1199 hia
2066 1158 2210 1210 justae,
2234 1159 2297 1199 vel
2320 1160 2405 1198 haec.-
2457 1208 2461 1210 ἢ

1367 1205 1502 1259 justae.
1531 1207 1566 1247 &
1599 1218 1814 1255 notaverat,
1849 1213 1954 1263 vigil·
1977 1222 2054 1250 non
2086 1210 2170 1255 satis
2203 1207 2402 1250 commode

1374 1259 1425 1300 de
1445 1260 1596 1299 canibus
1621 1262 1739 1312 accipi
1763 1261 1880 1312 poss'e.
1908 1262 1984 1302 Sed
2007 1264 2074 1302 has
2095 1261 2219 1302 turbas
2238 1271 2406 1301 commo-

1378 1313 1454 1359 vit,
1480 1313 1520 1351 ni
1538 1311 1677 1361 fallor,
1696 1313 1803 1353 unica
1826 1325 1902 1354 vox
1921 1315 2038 1366 vigil,
2064 1325 2171 1366 quam
2196 1315 2236 1352 in
2264 1310 2404 1353 mendo

1377 1364 1514 1403 cubare
1549 1363 1686 1405 dudum
1722 1366 1916 1415 suspicatus
1953 1371 2053 1413 sum3
2101 1365 2137 1405 δι
2172 1365 2406 1412 conjeceram

1380 1419 1504 1468 virgo,
1519 1429 1629 1465 quum
1649 1417 2102 1468 inspeffisHeinfii-notis
2123 1417 2201 1456 vidi
2221 1416 2259 1471 id
2280 1418 2408 1467 Guye-

1380 1475 1424 1506 to
1450 1468 1559 1510 etiam
1583 1469 1622 1508 in
1644 1477 1807 1509 mentem
1834 1469 1988 1509 veniss‘e.
2015 1470 2051 1508 id
2072 1479 2166 1508 vero
2194 1468 2221 1508 fi
2244 1468 2411 1509 admitta-

1380 1527 1439 1558 tur
1456 1547 1468 1564 ,
1494 1517 1661 1565 nondum
1683 1528 1807 1559 tamen
1834 1531 1914 1560 rem
1942 1517 2166 1565 murenam,
2195 1520 2410 1573 sensumque

1381 1569 1613 1618 explanatum
1638 1569 1870 1608 habebimus.
1888 1616 1889 1619 Ἴ
1904 1570 1992 1619 quid
2019 1573 2118 1610 enim
2143 1570 2206 1609 hic
2228 1570 2409 1620 significas

1382 1621 1441 1659 bit
1468 1617 1623 1670 injustae
1642 1619 1754 1672 sortis
1779 1623 1936 1668 praemia
1957 1621 2109 1661 habere?
2135 1618 2290 1673 (invasae
2318 1621 2409 1670 legi,

1383 1678 1451 1709 tur,
1477 1671 1515 1707 in
1538 1673 1660 1719 primo
1686 1671 1819 1720 Leid.)
1845 1671 1922 1710 five
1950 1668 1999 1712 de
2026 1671 2194 1721 Tarpeio
2220 1681 2325 1721 patre
2342 1678 2408 1711 aut

1383 1721 1548 1770 Tarpeja
1569 1720 1661 1767 filia,
1689 1721 1766 1761 five
1791 1722 1840 1761 de
1863 1723 2035 1768 canibus,
2062 1722 2127 1760 vel
2144 1722 2194 1760 de
2217 1723 2314 1772 Jove
2333 1724 2405 1762 'in-

1382 1770 1586 1820 telligendo
1611 1773 1684 1811 hoc
1704 1772 1826 1812 saxum
1853 1772 2074 1818 volvamus,
2100 1771 2146 1810 ad
2171 1772 2313 1811 irritum
2342 1771 2404 1813 res

1383 1822 1521 1863 redibit
1536 1823 1715 1863 laborem.
1738 1824 1846 1874 saepe
1864 1823 2099 1872 vexatiffimis
2116 1822 2208 1870 locis
2231 1823 2405 1863 tutiffima

1381 1875 1526 1915 curatio
1547 1875 1686 1925 petitur
1714 1886 1735 1913 a
1753 1873 1977 1926 simpliciore
1997 1874 2202 1920 medicina3
2228 1885 2272 1915 ea
2293 1886 2410 1925 prop-

1383 1936 1440 1967 ter
1472 1927 1533 1965 hic
1556 1937 1632 1965 non
1660 1925 1704 1965 ad
1732 1927 2059 1976 interpretationes
2086 1926 2197 1965 anx-ie
2224 1920 2406 1977 quaeritas

1381 1978 1417 2016 &
1445 1986 1657 2026 contortas,
1683 1977 1745 2017 sed
1773 1978 1818 2018 ad
1844 1979 1967 2019 levem
2008 1979 2248 2018 mutationem
2274 1977 2406 2019 confu-

1376 2028 1550 2081 giendum
1581 2029 1763 2070 existimo.
1789 2031 1974 2078 Norunt,
2010 2030 2074 2080 qui
2104 2027 2260 2070 codices·
2281 2031 2409 2069 manui

1377 2082 1532 2132 scriptos
1552 2081 1770 2128 tractarunt,
1795 2093 1903 2131 quam
1920 2082 2096 2132 frequens
2112 2080 2243 2134 sorus,
2269 2082 2404 2129 mortis,

1378 2133 1414 2172 ἃ
1435 2134 1563 2172 marris
1588 2131 1757 2171 confusio
1787 2132 1829 2172 iit
1848 2134 1887 2172 in
1909 2134 2083 2184 plurimis
2105 2129 2284 2172 veterum*
2299 2133 2405 2172 locis.

1375 2195 1447 2235 pro
1459 2183 1570 2234 sortis
1597 2183 1708 2232 igitur
1724 2183 1895 2234 scrIptum
1921 2197 1942 2223 a
1966 2185 2124 2223 librariis
2151 2183 2258 2226 fuiss'e
2283 2184 2406 2222 mortis

1377 2235 1559 2285 suspicor,
1587 2233 1650 2273 sed
1673 2234 1962 2284 depravantibus
1983 2236 2179 2288 rpeliorem
2199 2234 2234 2272 ἃ
2251 2233 2404 2273 fortasse

1375 2298 1501 2326 veram
1536 2286 1646 2335 lpfius
1672 2286 1828 2326 auctoris
1851 2298 2025 2334 manum,
2053 2298 2163 2337 quem
2196 2286 2307 2325 nobis
2333 2285 2399 2325 de·

1375 2338 1467 2378 diffe
1493 2338 1657 2388 opinor,
1893 2356 1896 2359 *

1426 2421 1462 2461 O
1486 2420 1611 2470 virgo,
1637 2416 1769 2471 injusti
1785 2420 1942 2468 praemia
1973 2419 2110 2459 Martis
2134 2419 2250 2459 habes.

1373 2500 1461 2540 hinc
1490 2501 1588 2540 enim
1622 2499 1724 2537 sanus
1752 2497 1787 2535 ἃ
1820 2505 1969 2546 apertus
2000 2498 2142 2537 eruitur
2177 2498 2298 2537 sensus
2317 2528 2327 2544 ‚
2366 2497 2405 2537 ἃ

1376 2553 1495 2592 sermo
1528 2551 1698 2601 dirigitur
1728 2549 1773 2587 ad
1802 2549 2003 2598 Tarpejam
2032 2550 2288 2599 ipsam‚'quae
2315 2550 2406 2588 lieet

1376 2604 1412 2642 in
1438 2606 1490 2644 rei
1516 2604 1679 2643 nefariae
1703 2600 1918 2640 memoriam
1942 2612 2048 2639 mons
2080 2600 2262 2647 Tarpeius
2289 2602 2335 2639 ab
2359 2611 2404 2639 ea

1380 2656 1518 2695 ibidem
1537 2655 1674 2704 sepulta
1694 2651 1812 2702 (unde
1832 2653 1940 2692 initio
1965 2651 2114 2700 Elegiae
2142 2651 2312 2701 Tarpe'jae
2329 2656 2408 2691 tur·

1378 2717 1420 2757 pe
1433 2705 1658 2760 sepulcrum)
1681 2714 1887 2752 cognomen
1914 2703 2067 2754 adeptus
2097 2702 2139 2742 iit
2157 2723 2178 2750 ‚·
2195 2710 2319 2742 tamen
2351 2703 2410 2742 di-

1379 2770 1482 2799 catur
1528 2755 1656 2809 injusti
1686 2756 1747 2794 vel
1779 2753 1886 2802 invisi
1923 2766 1969 2794 ex
2003 2753 2094 2793 cod.
2125 2753 2233 2794 Leid.
2270 2753 2411 2793 Marus

1378 2813 1536 2859 praemia
1554 2822 1575 2848 a
1602 2807 1718 2847 Tatio
1741 2806 1921 2851 retulisse,
1951 2817 2061 2854 quum
2087 2804 2312 2854 proditionis
2336 2806 2411 2844 sce-

1380 2863 1460 2901 lere
1488 2873 1564 2900 non
1588 2860 1688 2908 justis
1711 2866 1894 2908 pugnetur
1918 2858 2026 2904 armis
2042 2887 2052 2902 ,
2079 2856 2114 2895 &
2139 2856 2304 2906 proditio
2329 2857 2408 2906 qui·
2490 2883 2497 2887 -

1379 2914 1464 2952 dem
1485 2914 1533 2951 ab
1557 2911 1662 2952 hoste
1679 2919 1827 2948 rametur
1846 2909 2013 2948 utilitatis
2033 2908 2169 2957 gratia,
2198 2907 2260 2947 sed
2277 2909 2404 2956 prodi·

1380 2975 1439 3004 tor
1466 2964 1545 3014 ipse
1557 2962 1647 3002 odio
1669 2961 1703 3000 &
1719 2961 1953 3000 detestationi
1973 2959 2027 2999 fit.
2053 2960 2140 2998 hinc
2159 2959 2265 3010 supra
2282 2970 2319 2998 v.
2340 2959 2405 3008 δή.

1428 3042 1483 3080 Ar
1498 3038 1535 3079 T
1530 3029 1624 3086 otius
1633 3064 1643 3082 ,
1654 3046 1763 3084 neque
1777 3035 1869 3073 enim
1870 3030 2001 3085 sceleri
2011 3030 2107 3072 dedit
2119 3027 2229 3082 hostis
2236 3029 2407 3084 hort-omn}

1490 3083 1633 3149 Nube,
1651 3088 1705 3126 ait
1729 3083 1800 3124 διες
2215 3116 2227 3135 3
2372 3137 2410 3181 ἃ
