2678 3652
287 277 358 323 12
507 251 740 324 SEX}
817 252 1373 328 AtvriEL‘Ii
1441 262 1670 333 P'RO
1710 265 2162 349 PER'PI}

314 363 317 366 s
502 394 600 449 Ille
642 394 802 448 etiam
844 394 1043 464 Hylaei
1084 356 1352 466 percffffus
1395 401 1620 469 vulnere
1663 409 1794 463 rami

583 470 804 524 Saucius
844 470 1085 526 Arcadiis
1125 473 1348 555 rupibus
1392 475 1678 549 ingemuit.

280 696 359 738 Sed
387 699 425 737 in
462 697 633 736 omnibus
665 697 723 736 his
753 695 844 735 locis
872 695 1012 736 nullum
1043 695 1158 736 video
1176 726 1187 742 ‚
1221 707 1300 747 quo

279 750 428 800 probari
456 750 565 799 posfit
599 748 750 801 hirsutas
776 746 875 798 feras
913 748 1031 787 videre
1062 760 1144 788 cum
1181 748 1300 798 aliqua

278 800 459 851 elcg'antia
481 800 570 846 dici,
603 812 672 850 pro
699 798 871 838 venando
891 799 1060 850 persequi
1083 799 1118 838 &
1148 801 1299 850 agitare.

275 854 510 902 praeferebat
546 860 668 890 tamen
697 850 791 889 hanc
825 851 1018 889 lestionem
1055 851 1168 891 etiam
1208 852 1301 891 Vul-

218 938 223 946 ,
306 903 362 942 ius
396 905 434 941 in
464 905 562 941 notis
590 903 683 948 suis,
718 901 753 940 &
785 902 824 941 in
858 902 1189 942 observationibus
1224 903 1302 942 ine-

306 954 365 994 itis
395 954 478 994 Cel.
509 952 827 999 Hemsterbufius,
855 953 928 991 hoc
957 953 1082 999 sensu,·
1114 955 1300 993 Milanion

276 1008 352 1044 ibat
376 1014 557 1052 venatum,
589 1006 850 1055 Atalantaeque
869 1004 1021 1055 junaus
1046 1018 1174 1051 comes,
1200 1014 1243 1043 ut
1264 1019 1301 1044 a·

273 1070 398 1095 morem
423 1057 502 1107 ejus
527 1054 682 1107 obsequio
710 1056 965 1102 demereretur,
992 1055 1117 1107 sylvas
1132 1055 1299 1109 ferasque

273 1107 417 1160 visebat.
474 1109 635 1157 scaliger
664 1118 811 1156 quoque
836 1107 874 1146 in
904 1108 965 1146 sua
987 1107 1153 1147 editione
1180 1109 1298 1146 videre

276 1160 442 1199 retinuit.
496 1158 570 1198 Sed
606 1169 653 1197 ex
683 1157 750 1196 hac
773 1159 934 1197 lectione
960 1161 1150 1198 Robertus
1173 1160 1299 1198 Titius

275 1211 313 1248 in
336 1211 439 1249 libris
464 1211 652 1249 Locorum
671 1209 1010 1250 Controversorum
1031 1209 1127 1262 apud
1146 1222 1205 1264 της
1222 1211 1301 1250 ine·

273 1260 360 1301 ditis
383 1261 612 1302 scribendum
637 1261 828 1308 censebat,
936 1259 945 1265 ²
1199 1264 1203 1265 ’

443 1360 531 1399 Ibat·
548 1357 598 1406 δή)
615 1356 770 1411 hirsutas
789 1359 851 1397 ille
872 1360 966 1397 viere
974 1356 1093 1410 feras.

274 1453 310 1501 ἃ
329 1461 423 1500 viere
438 1457 546 1510 feras
562 1458 776 1508 exponebat
802 1456 901 1496 feras
925 1457 1099 1506 indagine
1123 1457 1275 1509 cingere
1290 1485 1301 1503 ,

274 1511 311 1551 &
332 1511 430 1562 quali
449 1511 610 1556 vincire,
630 1508 873 1559 ineptisfime,
902 1508 928 1546 fi
946 1508 1032 1558 quid
1053 1519 1235 1558 umquam:
1266 1507 1302 1546 ἃ.

274 1563 336 1601 hic
359 1572 483 1602 tamen
508 1560 633 1600 Titius
654 1561 843 1608 scaligero
865 1559 979 1598 toties
997 1556 1176 1609 stuporem
1196 1562 1299 1611 inge-

274 1616 331 1653 m'i
358 1613 500 1661 objicit.
522 1618 528 1623 ·
549 1612 666 1650 Forte
701 1611 805 1650 viros
837 1608 965 1648 doctos
1000 1609 1164 1649 offendit
1179 1610 1301 1662 ferire

264 1664 390 1717 feras,
418 1673 601 1712 tamquam
631 1662 741 1709 sonus
761 1661 959 1710 ingratior,
986 1662 1073 1700 licet
1094 1662 1180 1700 talia
1203 1660 1298 1710 apud

276 1716 511 1765 Propertium
538 1714 662 1752 obvia.
691 1713 751 1751 vel
775 1713 930 1751 alterum
951 1713 1048 1752 tueri
1069 1713 1299 1760 maluerunt,

275 1769 386 1807 unice
411 1774 453 1804 ut
479 1777 498 1803 a
531 1763 764 1803 Broukbufio
796 1762 1039 1803 diffentirent.
1094 1765 1234 1805 Liceat
1251 1772 1302 1803 ta-

275 1829 362 1857 men
396 1817 487 1855 mihi
517 1816 569 1854 N.
601 1815 770 1860 Heinlii‚
797 1825 876 1854 non
908 1815 1063 1853 minoris
1090 1816 1151 1854 rei
1181 1816 1303 1866 poeti·

275 1880 341 1907 cae
363 1869 514 1911 arbitri,
550 1866 727 1914 judicium
755 1866 816 1904 hic
840 1866 960 1916 sequi,
979 1866 1039 1904 cui
1065 1865 1156 1905 illud
1184 1867 1303 1905 videre

265 1919 370 1971 feras
400 1920 642 1958 vehementer
668 1917 803 1966 frigere
827 1916 1042 1962 videbatur,
1069 1916 1304 1968 ideoquefe-

275 1974 346 2011 rire
379 1970 584 2019 reponebat
619 1967 664 2006 ad
691 1966 805 2007 Ovid.
832 1971 863 2007 1.
897 1968 990 2007 Fast.
1016 1972 1104 2016 287.
1137 1969 1219 2008 Lib.
1249 1971 1302 2009 11.

274 2021 431 2062 Advers.
464 2032 543 2068 cap.
573 2025 609 2060 6.
645 2032 681 2070 p.
712 2023 799 2067 248.
837 2018 872 2057 &
905 2019 943 2056 in
968 2021 1067 2058 notis
1095 2019 1302 2068 Propertia-

276 2074 333 2111 nis
361 2072 442 2122 post
478 2071 630 2111 Advers.
672 2082 708 2120 p.
737 2076 823 2117 655.
861 2080 944 2108 nam
975 2069 1024 2109 fic
1049 2069 1097 2110 de
1115 2070 1300 2123 Milaniof

275 2134 324 2163 ne
351 2121 512 2163 OvidIus
533 2123 615 2162 Lib.
635 2124 687 2161 Π.
714 2121 764 2160 A.
780 2121 829 2160 A.
854 2131 940 2168 190.

400 2222 507 2271 Saepe
524 2219 604 2271 fera
628 2228 743 2260 torvos
760 2218 900 2273 cuspide
915 2217 1010 2271 fixit
1029 2229 1140 2271 apros.
1219 2231 1225 2236 ·

276 2309 375 2363 quod
399 2308 517 2360 ferire
549 2317 673 2358 aprum
701 2308 824 2348 eidem
860 2307 1046 2349 Lib.'111.
1086 2311 1186 2351 Met.
1216 2321 1300 2360 7¹5.

273 2367 509 2413 Ayrmannus
536 2370 659 2399 autem
692 2360 727 2399 &
763 2362 822 2400 Cl.
846 2360 1143 2413 Oudendorpius
1177 2364 1303 2410 conje-

277 2421 424 2458 cerant,
451 2410 606 2463 hirsutas
640 2412 830 2460 illaqueare
848 2411 965 2463 feras.
997 2411 1097 2462 quod
1124 2413 1299 2453 videntur

280 2461 444 2505 elicuisse
474 2473 522 2500 ex
551 2462 684 2500 vocula
708 2465 782 2501 ille.
808 2472 912 2502 certe
939 2463 1072 2502 eodem
1094 2464 1181 2502 loco
1208 2464 1300 2504 Ovi-

278 2516 360 2555 dius
385 2514 433 2553 de
455 2513 667 2552 Milanione
685 2514 793 2562 Saepe
810 2516 900 2553 tulit
917 2513 1018 2566 juffo
1031 2513 1194 2564 fallacia
1208 2521 1299 2557 retia

279 2568 376 2607 collo.
405 2565 440 2605 ἃ
462 2564 550 2604 hinc
567 2564 756 2603 Milanion
779 2563 1008 2617 πλεξάμῖμῷυ
1025 2565 1133 2614 ὅμως
1157 2567 1297 2608 Aristo.

309 2618 414 2662 hani,
440 2616 527 2655 loco
554 2616 657 2665 supra
678 2614 871 2666 producto.
923 2619 1010 2656 Fuit
1026 2628 1107 2656 cum
1141 2618 1298 2659 hariola-

307 2681 367 2716 ar,
396 2666 547 2719 hirsutas
564 2669 626 2707 ille
645 2669 784 2720 agitare
793 2665 910 2720 feras.
934 2677 976 2708 ut
989 2667 1084 2720 apud
1102 2669 1208 2720 Virg.
1223 2674 1298 2713 111.

285 2721 340 2761 G.
360 2729 450 2768 409.

331 2817 454 2866 -Saepe
471 2817 578 2854 etiam
597 2814 701 2868 cursu
724 2816 865 2857 timidos
883 2819 1046 2870 agitabis
1062 2829 1229 2870 onagros,

313 2897 319 2903 .
339 2868 393 2908 Et
410 2869 564 2919 ¹canilms
580 2867 748 2917 leporem,
775 2871 921 2909 canibus
945 2872 1109 2911 venabere
1125 2870 1259 2913 damas.
1334 2917 1335 2920 ,

382 2918 459 2974 ἃς.

289 2999 361 3040 ΧΙ.
386 2999 484 3060 ⁴Aen.
514 2995 605 3043 686.

339 3081 453 3122 Silvis
466 3090 524 3130 te,
559 3081 757 3133 Tyrrhena»,
774 3080 880 3136 feras
897 3086 1037 3140 agitare
1053 3082 1202 3138 putasti.

288 3161 406 3205 Ovid.
422 3162 472 3204 X.
496 3165 596 3205 Met.
617 3172 704 3214 539.

2167 583 2251 636 15.
2280 565 2384 658 ΕΤ-τ

1353 699 1574 765 Αιιειρτοῃοε
1594 707 1743 757 lepores,
1771 719 1836 750 aut
1853 712 1984 765 celsum
2001 715 2039 754 in
2062 727 2192 757 cornua
2215 707 2356 760 cervum
2365 691 2387 768 ‚l

1353 751 1572 806 Aut'agitat
1596 758 1727 800 damas.

1351 823 1574 865 Claudianus
1595 828 1746 877 Gigant.
1773 842 1809 870 v.
1837 843 1937 873 122..

1454 897 1627 938 Errantes
1646 903 1785 952 agitare
1792 902 1910 954 feras.

1351 966 1538 1066 {ilcgjlagud'
1558 969 1688 1010 Sffium
1724 974 1804 1015 ital.
1833 975 1944 1016 xlv,
1971 983 2060 1027 264.
2098 979 2245 1031 legebat
2275 983 2384 1021 Beth·

1402 1088 1764 1181 &graffis‘agime
1780 1093 1905 1147 feras,
1923 1097 1993 1151 seu
2021 1103 2156 1140 retibus
2181 1114 2310 1153 aequor

1350 1202 1386 1241 ἂ
1403 1202 1488 1240 huic
1507 1202 1740 1250 conJeeturae
1758 1205 1860 1247 favet
1877 1211 2000 1248 auetor
2023 1213 2161 1251 veteris
2189 1214 2388 1264 Epitaphii

1351 1252 1400 1291 de
1429 1254 1534 1291 Cane
1557 1257 1874 1306 venatrice,quod
1890 1271 1948 1297 *ex
1969 1262 2122 1308 Maffeji
2145 1266 2283 1302 Museo
2303 1267 2380 1304 Ve-

1353 1302 1502 1342 ronenfi
1529 1301 1629 1340 edidi
1657 1303 1770 1344 Tom.
1800 1309 1852 1347 11.
1890 1309 2045 1348 Anthol.
2079 1313 2160 1351 Lat.
2190 1314 2276 1354 Lib.
2305 1317 2391 1357 lV..

1351 1365 1393 1405 p.
1416 1363 1506 1399 293.
1532 1363 1579 1392 ex
1605 1353 1715 1401 hujus
1744 1357 1817 1395 loci
1843 1359 2077 1408 Propertiani
2096 1363 2326 1414 inritatione,

1403 1423 1523 1462 Dal-'ta
1538 1427 1777 1485 per-incertas
1801 1429 1924 1468 audax
1939 1430 2137 1483 ‘discurrere
2147 1434 2301 1486 silvas„

1459 1472 1615 1513 Collibus
1639 1475 1801 1528 hirsutas
1812 1488 1916 1529 atque
1940 1485 2080 1533 agitare
2093 1485 2213 1535 feras.

1353 1544 1419 1583 ubi
1447 1542 1535 1583 vide
1564 1555 1659 1594 quae
1685 1548 1837 1594 notavi,
1864 1548 1900 1587 ἃ
1926 1550 1972 1588 ad
1999 1553 2148 1594 Loticlit
2176 1568 2256 1608 pag.
2285 1551 2379 1599 ὀπί

1351 1594 1446 1635 adde
1483 1602 1591 1634 notas
1626 1597 1744 1647 Jureti
1770 1598 1816 1636 ad
1847 1600 2053 1650 symmach.
2088 1618 2169 1657 pag.
2208 1619 2296 1658 234.
2343 1609 2380 1648 ἃ

1351 1647 1564 1687 Heinfii-ac
1594 1647 1719 1687 Patrui
1746 1651 1821 1689 mei
1850 1651 1895 1688 ad
1931 1653 2045 1696 Ovid.
2075 1658 2123 1695 V.
2154 1660 2253 1698 Met.
2285 1666 2375 1707 σος.

1351 1698 1399 1737 de
1429 1698 1644 1738 Graecismo
1671 1700 1738 1739 iilo
1766 1704 1848 1740 ibat.
1871 1704 2007 1753 videre,
2050 1708 2111 1746 vel
2144 1708 2288 1759 ferire,
2326 1711 2384 1750 vi·

1353 1749 1401 1789 de
1417 1750 1612 1801 Heinfiutn
1644 1750 1702 1789 ad·
1723 1751 1915 1793 Claudian.
1938 1758 1990 1796 11.
2018 1758 2057 1797 in
2085 1752 2211 1799 R'ufin.
2241 1765 2300 1808 98.
2333 1760 2381 1803 ad

1354 1801 1441 1841 Lib.
1465 1803 1535 1840 Ill.
1562 1799 1610 1839 de
1637 1804 1686 1840 R·
1703 1803 1745 1842 P.
1767 1809 1853 1853 386.
1877 1808 2048 1847 Gronov.
2073 1809 2119 1848 ad
2141 1813 2241 1852 Geli.
2258 1813 2381 1852 Xlx..

1357 1864 1424 1902 ιο.
1446 1851 1481 1890 &
1503 1851 1627 1890 Patrui
1650 1854 1724 1892 mei
1755 1866 1862 1894 notas
1891 1856 1937 1895 ad
1960 1860 2087 1900 Valer.
2116 1863 2169 1901 Fl.
2194 1864 2264 1902 Vl.
2284 1869 2335 1911 64
2363 1891 2377 1905 .

1354 1904 1454 1943 reste
1476 1913 1570 1941 vero
1594 1903 1828 1945 Pafferatium
1849 1907 2003 1960 hirsutas
2021 1910 2126 1961 feras
2157 1925 2231 1963 pro
2261 1915 2323 1952 libi
2353 1915 2386 1954 is-

1355 1955 1452 1992 nofis
1470 1952 1625 1995 absurde
1653 1956 1960 2007 interpretantem
1979 1963 2165 2013 castigavit
2182 1964 2380 2006 Broukhu·

1352 2006 1444 2049 sim,
1459 2003 1505 2043 ¹&
1530 2006 1666 2044 erroris
1685 2007 1792 2055 hujus
1811 2012 2008 2060 comitem,
2035 2017 2188 2054 nomine
2205 2027 2283 2054 non
2308 2027 2375 2057 ex-

1350 2055 1530 2108 pressum,
1555 2057 1617 2107 qui
1635 2057 1736 2096 illud·
1750 2060 1880 2099 Ovidii
1900 2063 1986 2101 Lib.
2006 2067 2056 2103 11.
2071 2059 2198 2105 ‘'srist.
2218 2078 2308 2116 259.

1403 2124 1573 2178 Sumserit
1593 2127 1776 2176 Annales,
1806 2130 1900 2168 nihil
1918 2126 2160 2185 est'lzirsutius
2178 2137 2276 2184 illis,
2346 2174 2349 2177 ,

1353 2198 1467 2238 etiam
1493 2208 1563 2247 pro
1594 2197 1799 2245 libidinoso
1824 2202 2070 2251 exposuerat,
2111 2205 2278 2247 fimiliter
2306 2215 2382 2249 tra-

1353 2249 1458 2288 duxit
1482 2247 1526 2286 ad
1555 2250 1670 2288 nostri
1704 2251 1789 2290 Lib.
1823 2254 1982 2293 iv..El-.
2011 2258 2042 2295 1.
2071 2260 2134 2296 61.
2174 2269 2242 2308 per
2267 2271 2378 2310 quem

1353 2300 1527 2341 Pitiscum
1556 2300 1692 2340 indicat
1711 2331 1722 2347 ,
1760 2304 1934 2343 Suetonii
1962 2306 2304 2349 commentatorem
2330 2310 2382 2352 de
2434 2332 2437 2333 ⁷

1354 2352 1483 2392 trivio.
1504 2350 1658 2404 hirsutae
1671 2351 1775 2402 ferae
1802 2356 2001 2404 Propertio
2026 2357 2230 2409 sunt‚quae
2258 2362 2380 2403 λωίοι

1354 2400 1450 2454 Sapo}
1480 2402 1660 2451 Sophocli
1687 2404 1726 2442 in
1748 2405 1904 2444 Philo&
1931 2419 1967 2446 ν.
2006 2413 2089 2456 185.
2123 2410 2249 2460 Melea
2279 2411 2381 2465 >enin

1356 2453 1584 2494 Callimacho
1608 2455 1745 2504 Hymn.
1773 2457 1812 2494 in
1842 2457 1956 2496 Dian.
1979 2469 2014 2496 v.
2041 2471 2126 2507 192.
2162 2462 2196 2501 δι
2224 2463 2298 2503 lim.
2329 2465 2378 2504 fic

1353 2505 1462 2556 saepe
1483 2505 1531 2543 de
1562 2506 1756 2553 leonibus,
1784 2508 1872 2546 urfis
1889 2538 1899 2554 ‚
1928 2509 2079 2561 aliisque
2106 2511 2197 2553 feris
2227 2515 2379 2565 majori-

1348 2557 1429 2597 bus.
1450 2555 1608 2609 Ovidius
1636 2558 1750 2608 Epist.
1768 2559 1839 2598 IX.
1874 2572 1960 2599 111.

1444 2627 1532 2667 'Pro
1553 2628 1684 2676 pudor!
1717 2627 1848 2680 hirsuti
1871 2627 1980 2679 costas
1998 2640 2112 2672 exuta
2131 2635 2242 2674 leonis

1504 2678 1642 2731 Aspera
1663 2687 1833 2719 texerunt
1854 2683 1985 2722 vellera
2009 2686 2111 2724 molle
2137 2687 2250 2726 latus.

1359 2739 1410 2779 V.
1435 2739 1529 2780 Fast.
1560 2746 1648 2788 176·
1687 2782 1689 2784 ,

1631 2803 1676 2839 in
1695 2809 1795 2850 apros

1411 2853 1556 2900 Audet,
1586 2850 1637 2900 ὅ)
1656 2852 1812 2905 hirsutas
1830 2857 1987 2895 cominus
2012 2858 2064 2895 ire
2081 2859 2165 2899 leas.

1417 2926 1476 2960 133.
1509 2916 1578 2955 Ille
1603 2916 1710 2954 etiam
1730 2916 1869 2965 Hylaei
1887 2917 2072 2971 percuffus
2099 2922 2241 2961 vulnere
2267 2921 2378 2975 rami]

1360 2977 1432 3016 pro
1457 2966 1596 3016 Hylaei
1619 2966 1657 3004 in
1675 2967 1825 3006 vetustis
1850 2968 2054 3017 codicibus,
2086 2970 2121 3010 δι
2143 2972 2269 3020 primis
2304 2974 2381 3015 edi.-

1362 3018 1528 3056 tionibus
1550 3014 1785 3066 Pfilliantea
1806 3018 2015 3068 legebatur,
2041 3019 2377 3064 ut‘inBorrichia-

1289 3079 1322 3106 ‘,
1361 3079 1433 3114 no,
1461 3068 1737 3116 Neapolitano,
1765 3070 2024 3118 Menteliano‚
2046 3071 2081 3110 δί
2101 3073 2278 3123 Scaligeri
2301 3076 2377 3116 Ex.

1355 3120 1495 3168 cerptis
1522 3119 1730 3166 Vaticanis,
1758 3121 1873 3160 tribus
1902 3123 2107 3168 Vosiianis,
2135 3125 2257 3172 primo
2286 3127 2376 3166 Lei·

1356 3169 1483 3219 deuii,
1510 3169 1547 3210 &
1561 3168 1703 3212 duobus
1721 3172 1986 3216 Dorvillianis.
2018 3172 2113 3226 Pfili
2132 3175 2172 3216 in
2199 3174 2385 3270 ιείἀιεὶιέἔςίθ
