2514 3626
259 293 375 346 924

323 402 417 452 Pag.
458 410 519 448 35.
554 397 663 447 Eleg.
691 408 726 447 3.
756 409 793 437 v.
823 404 883 439 16.
922 397 1118 451 Osculaque
1142 400 1278 439 admota

257 452 398 506 sumere
408 454 452 489 att
469 464 528 489 om
546 463 672 490 manu:
693 453 730 489 in
749 459 830 489 not.
849 449 921 488 col.
935 454 966 488 b.
980 451 1042 488 lin.
1068 453 1123 500 3.]
1136 449 1278 502 sumere

267 503 379 556 qscula
402 503 568 546 mollius,
594 513 700 552 quam
722 512 855 551 capere
880 511 942 540 aut
963 511 1105 549 rapere.
1158 502 1278 541 Ovid.

266 557 338 603 Ep.
370 554 479 593 XIII.
518 563 601 601 137.
650 556 763 592 Arma
783 553 905 597 dabit,
930 552 1082 600 dumque
1104 565 1201 591 arma
1221 554 1280 591 da-

270 607 342 651 bit,
360 602 739 665 fimulsosculasumet.
773 603 880 641 aliter
898 601 1056 652 furtim,
1085 604 1144 641 vel
1167 606 1279 653 turpi·

266 664 322 694 ter
352 656 494 694 sumere
509 655 686 700 -additur,
718 663 758 693 ut
782 656 854 704 Ep.
880 653 969 692 XX.
995 665 1079 702 ¹45·
1106 666 1181 693 mm
1202 664 1280 693 tur-

261 710 357 757 piter
392 706 506 757 ql'cula
525 707 655 758 sumis.
691 707 740 744 ΙΙ.
780 706 864 743 Am.
895 716 954 753 53.
984 705 1043 744 ΕΙ.
1072 706 1118 742 V.
1147 717 1190 744 ne
1209 715 1281 745 cam

268 761 354 798 bona
374 757 533 806 (oscula)
542 756 713 809 sumserit
728 757 829 799 alter.
852 755 1009 794 ubi-vid.
1033 756 1170 794 Heius.

323 809 419 859 Pag.
452 812 514 855 38.
546 810 654 858 Eleg.
685 821 719 856 3.
748 819 784 845 v.
811 817 885 857 24..
922 807 1035 845 Nunc
1054 805 1283 858 furtiva-ca-

269 862 326 898 vis
358 867 459 907 poma
491 860 614 899 dabam
633 861 806 897 manibus.
843 860 881 895 in
914 868 995 896 not.
1032 859 1110 896 col.
1143 859 1178 898 b.
1214 860 1281 898 lin.

271 920 334 957 13.
358 910 440 958 post
465 909 548 948 Lib.
567 911 781 949 XXXVII.
796 907 908 958 adde]
930 910 1017 947 Var-

319 961 408 999 ibid.
446 961 512 998 lin.
543 960 624 1011 33.]
662 962 697 1000 ἃ
732 962 806 998 hoc
853 962 940 999 loco
976 960 1135 998 firmatur
1170 960 1280 999 lectio

265 1012 364 1062 apud
393 1011 564 1050 eumdem
591 1013 677 1051 Lib.
702 1012 812 1051 XIV.
839 1012 901 1050 Μ.
927 1021 1013 1058 350.
1062 1008 1278 1059 Obstupuit,

262 1065 415 1102 cecidere
426 1062 533 1112 finu,
560 1076 645 1112 quas
660 1062 959 1114 legeratfflerbae.
983 1071 1022 1100 ut
1040 1062 1140 1100 reete
1158 1073 1281 1100 emen—

263 1114 398 1154 darunt
420 1115 507 1152 VV.
528 1115 621 1158 DD.
639 1115 899 1160 prm-cecidere
922 1125 1041 1150 manu.
1060 1114 1065 1121 ¹

325 1168 421 1216 Pag.
440 1175 501 1210 41.
527 1165 636 1214 Eleg.
660 1175 696 1212 3.
718 1176 756 1202 v.
779 1175 841 1210 34.
879 1163 936 1200 Sic
963 1164 1018 1200 ait
1036 1164 1074 1199 in
1091 1163 1188 1199 moui
1199 1158 1284 1210 fixa

263 1224 336 1256 mro
360 1214 552 1264 cubitum]
582 1216 659 1253 Hic
682 1217 761 1258 ais,
788 1213 940 1251 volebat
964 1212 1023 1251 Cl.
1050 1213 1284 1251 Waffenber-

250 1270 364 1317 gius,
392 1275 432 1305 ut
450 1267 488 1303 in
509 1265 638 1304 eadem
657 1265 814 1315 persona
828 1291 839 1310 ,
861 1274 967 1314 quam
987 1270 1144 1311 vocant,
1162 1265 1283 1304 oratio

259 1319 510 1358 continuetur.

252 1392 254 1395 -
318 1370 416 1419 Pag.
446 1377 509 1414 43.
548 1366 653 1416 Eleg.
691 1377 727 1415 3.
754 1378 790 1405 v.
829 1376 892 1414 43.
928 1366 1114 1405 Interdum
1148 1377 1282 1405 mecum

293 1423 427 1458 raviter
446 1418 576 1470 deserta
599 1417 796 1468 querebam]
825 1419 872 1456 iic
895 1418 1035 1467 priscae
1058 1417 1142 1457 edd.
1170 1420 1281 1455 inter-

260 1433 347 1510 §um
363 1472 525 1520 graviter
546 1480 688 1508 mecum
709 1469 853 1508 deserta
871 1470 1055 1519 querebar
1069 1470 1137 1508 &c.
1158 1478 1281 1517 neque

259 1524 336 1561 ulla
370 1522 423 1561 est
454 1521 616 1574 legitima
647 1519 810 1559 mutandi
836 1522 954 1559 ratio:
987 1528 1088 1558 vetat
1122 1521 1282 1568 Proper-

261 1575 336 1613 tius
375 1585 443 1619 11,
472 1585 540 1618 12,
571 1583 607 1619 3.
638 1573 739 1609 Nam
765 1572 862 1608 modo
888 1571 1033 1608 nudatis
1055 1568 1135 1615 &a
1168 1571 1283 1607 Inter·

265 1625 355 1663 dum
382 1626 507 1661 tunica
533 1623 645 1659 duxit
671 1628 787 1668 operta
818 1633 976 1659 moram:
1013 1620 1170 1668 Optime
1197 1630 1283 1668 pro·

262 1675 418 1718 cedunt,
457 1680 538 1710 nam
576 1673 692 1714 modo,
726 1669 847 1719 rursus
868 1699 878 1713 ,
915 1672 1104 1707 interdum.
1140 1670 1282 1707 Auctor

264 1726 413 1765 Moreti
430 1734 464 1761 v,
490 1725 551 1762 28.
581 1721 759 1758 interdum
782 1719 895 1757 fessae
920 1718 1081 1758 succedit
1101 1720 1169 1757 διε.
1186 1719 1282 1756 modo

261 1777 422 1814 carmina
451 1778 571 1810 cantat
604 1771 673 1810 &a
704 1771 888 1808 Interdum
912 1770 1042 1808 clamat
1074 1771 1281 1820 Scybalen:

263 1827 314 1867 fic
339 1826 438 1864 enim
457 1821 665 1872 legendum>
681 1829 795 1870 puto:
823 1822 1001 1859 interdum
1028 1834 1098 1870 pro
1117 1825 1282 1867 interea,

261 1876 362 1928 quod
389 1876 576 1923 vulgatur,
605 1884 627 1911 e
653 1873 737 1910 cod.
765 1874 886 1911 veteri
913 1872 1060 1921 profert
1083 1873 1116 1911 &
1148 1873 1283 1922 probat

264 1929 443 1977 Scaliger.
466 1929 582 1966 Corn.
602 1926 736 1973 Nepos
752 1926 831 1963 Att.
862 1935 941 1973 cap.
969 1936 1032 1963 20.
1062 1924 1184 1964 nullus
1204 1922 1284 1963 dies

259 1977 481 2023 interceffit,
507 1987 581 2026 quo
614 1986 691 2013 non
723 1976 855 2014 Caesar
888 1975 932 2023 ad
957 1976 1123 2014 Atticum
1154 1976 1284 2014 scribe-

262 2039 345 2076 ret,
371 2030 406 2068 ἃ
431 2028 526 2066 modo
556 2027 711 2076 aliquam
747 2028 784 2064 ei
806 2027 1056 2075 quaestionem
1094 2028 1283 2067 Poeticam

261 2089 515 2132 proponeret,
540 2077 718 2116 interdum
742 2078 870 2124 jocans
893 2077 961 2116 ὅτε.
990 2078 1049 2116 sed
1077 2079 1254 2117 interdum
1272 2106 1283 2124 ,

263 2140 387 2178 certe,
424 2129 544 2179 inquit
580 2128 857 2174 Broukhufius‚
891 2139 1000 2175 quum
1036 2131 1073 2167 in
1111 2132 1284 2178 proximo

259 2184 500 2231 subsequatur
511 2179 620 2232 saepe
637 2207 646 2223 ,
671 2190 779 2227 quem
808 2180 870 2217 hic
896 2180 1036 2219 sensum
1056 2179 1175 2220 facit?
1190 2191 1284 2229 quae

264 2235 352 2275 sane
377 2232 573 2272 difficultas
602 2229 689 2279 quid
718 2230 783 2268 fibi
820 2231 935 2277 velit,
962 2243 1034 2281 ego
1067 2234 1132 2271 vix
1160 2233 1282 2279 capio.

269 2285 406 2326 Sensus
439 2283 512 2328 est,
540 2281 606 2320 nifi
636 2280 736 2319 forte
769 2289 869 2321 totus
905 2281 1134 2330 hallucinor‚
1173 2284 1284 2333 plane

265 2333 507 2388 perspicuus:
535 2334 718 2372 interdum
747 2343 839 2381 ege,
864 2333 937 2376 tela
965 2334 1111 2384 lyraque
1148 2334 1281 2384 sepofi-

267 2390 339 2433 tis,
364 2397 458 2437 quae
490 2385 651 2423 animum
687 2394 834 2433 aegrum
865 2394 1034 2429 recreare
1063 2396 1139 2424 non
1176 2394 1283 2435 pote·

265 2446 368 2485 tant,
395 2435 577 2488 querebar
610 2446 732 2473 moras
758 2443 836 2473 tuas
870 2436 977 2483 saepe
1002 2437 1130 2486 longas
1155 2438 1194 2474 in
1223 2447 1284 2475 ex-

266 2499 379 2530 terno
403 2498 541 2528 amore.
566 2487 655 2526 Hoc
685 2485 838 2531 scilicet,
866 2486 901 2524 &
926 2490 1062 2526 merito
1090 2487 1285 2536 cynthiam

271 2541 433 2588 urebat,
476 2538 606 2590 quod,
640 2539 676 2576 se
714 2537 904 2586 negleclfi,
943 2538 1163 2586 Propertius
1204 2538 1287 2576 aliis

266 2593 405 2643 ⁴puellis
434 2598 599 2634 vacaret,
624 2588 733 2638 idque
762 2588 916 2638 saepius.
943 2588 1000 2626 his
1034 2598 1157 2628 autem
1182 2590 1287 2628 malis

267 2643 513 2685 conflictatam
529 2640 736 2690 ,Cynthiarn
759 2639 936 2689 oppressit
954 2640 1088 2689 sopor:

325 2705 399 2743 Ina
412 2702 499 2754 fuit
523 2703 690 2751 lacrymis
715 2700 843 2740 ultima
862 2713 950 2740 cura
971 2701 1080 2740 meis.

271 2763 652 2810 Hssmsrssrmusitzs..

184 2847 249 2887 ,ω
325 2832 420 2883 Pag.
451 2841 516 2879 44.
548 2829 663 2878 Eleg.
690 2839 727 2878 3.
759 2840 797 2868 v.
827 2837 890 2877 45.
926 2827 1030 2868 Dum
1053 2840 1106 2869 me
1118 2828 1293 2878 ,iucundis

271 2881 403 2934 lapsam
414 2881 517 2933 sopor
544 2881 678 2929 inpulit
699 2882 779 2919 alis.
807 2880 846 2917 in
870 2887 949 2919 n0t.
977 2881 1048 2919 col.
1072 2893 1104 2919 a.
1135 2880 1200 2917 lin.
1229 2889 1291 2924 31.

271 2931 355 2985 'post
374 2932 532 2970 dicitur.-
558 2930 690 2991 qdde3]
717 2929 816 2979 quod
838 2931 899 2968 hic
925 2931 971 2968 ad
994 2932 1149 2991 verbum
1167 2930 1292 2990 reddi-

273 2982 365 3072 diilsle
390 2982 669 3070 dPrlopertium,
697 2989 804 3022 notat
840 2982 899 3022 Cl.
934 2983 1107 3034 Heynms
1138 2981 1188 3020 ad
1226 2982 1294 3021 Ti-

273 3035 428 3123 builiid:
456 3093 493 3125 v.
519 3087 589 3131 ¹46.
635 3083 707 3120 Illa
735 3082 821 3131 fuit
857 3079 1015 3123 lacrimis
1043 3085 1173 3124 ultima
1209 3097 1296 3123 cura

272 3137 374 3193 psci-r.
395 3135 436 3175 in
457 3132 633 3174 not.'col.
659 3134 692 3172 b.
716 3133 782 3173 lin.
806 3140 871 3176 26.
898 3138 978 3186 post
1000 3135 1159 3189 insidia]
1189 3135 1224 3176 ἀ
1245 3135 1301 3175 fic.

1304 2128 1307 2133 ,
1387 2098 1476 2136 ibid.
1503 2107 1539 2134 v.
1569 2108 1629 2146 15.

1324 2148 1460 2202 solvere
1500 2160 1652 2191 amores,

761 263 1863 330 ADD-E'NDAT

1327 399 1445 440 adfert
1470 400 1667 440 D’orleans
1694 397 1739 437 ad
1767 398 1939 449 Tacitum
1970 405 2050 448 pag.
2085 407 2163 439 22.·
2188 397 2249 439 sed
2282 401 2363 442 'ri-0

1327 453 1432 491 bullo
1449 463 1639 501 perperam
1663 453 1760 490 hunc
1779 451 1920 488 versum
1943 454 2120 490 tribuens.
2271 492 2287 495 ,,

1379 505 1467 542 ibid.
1485 503 1529 542 ad
1543 502 1654 542 eund.
1679 514 1716 541 v.
1737 501 1817 552 116]
1848 503 2083 551 Magnopere
2105 501 2194 540 viris
2217 500 2352 541 doffls·
2384 550 2390 554 ,

1331 553 1428 592 fimis
1455 556 1624 604 displicet
1651 554 1712 593 ista
1740 563 1850 598 cura,
1881 553 2070 602 Scaligero
2087 560 2206 599 creta,
2234 553 2366 592 Heia„

1331 604 1385 643 fio
1403 634 1414 650 ,
1450 617 1557 656 quem
1596 617 1667 655 pro
1713 615 1818 643 more
1864 602 2111 644 Broukhufius
2170 603 2352 652 sequitur,

1333 663 1448 702 meta,
1487 654 1814 695 substituentibus:
1846 655 1907 693 ἰαί
1934 655 2070 693 cunetis
2106 665 2206 704 pene
2229 654 2355 693 suffra-

1331 707 1400 754 giis
1436 706 1527 746 illud
1570 708 1819 751 vocabulum,
1857 705 1954 755 quasi
1988 705 2085 745 male
2125 707 2349 754 ominatum,

1332 759 1421 796 hinc
1464 758 1576 809 longe
1616 760 1654 796 in
1699 757 1863 796 exsilium
1913 757 2035 796 abire·
2052 757 2214 803 jubetur.
2266 758 2350 807 Ego

1333 808 1498 848 medicos
1539 808 1776 848 advocandos
1817 808 1976 855 censeo,
2026 808 2089 858 qui
2130 816 2262 846 vocem
2300 811 2365 847 sa„

1331 871 1435 907 nam,
1476 860 1615 912 tibique
1650 860 1867 900 notiffimam
1889 862 1933 898 in
1964 860 2144 908 integrum
2171 869 2213 896 ae
2238 859 2358 908 pristi-

1331 923 1397 950 nas
1425 912 1528 952 sedes
1546 913 1755 958 restituant3
1783 913 1968 953 neminem
1989 909 2158 959 profesto
2175 912 2354 958 praeterit
2379 926 2381 928 ·

1330 961 1555 1002 medicorum
1575 975 1682 1011 cure,
1700 973 1852 1008 curare,
1881 962 2044 1007 curatio,
2061 971 2216 1010 quorum
2239 961 2351 1000 teste:

1330 1015 1446 1052 citare
1480 1015 1626 1053 Celsum
1648 1044 1659 1061 ,
1697 1015 1940 1053 columellam
1956 1042 1967 1060 ,
1991 1011 2155 1062 aliosque
2181 1011 2350 1061 superva-

1331 1076 1439 1102 cuum
1468 1074 1585 1110 puto:
1612 1064 1918 1113 quemadmodum
1952 1072 2074 1103 autem
2102 1063 2263 1110 morbis,
2302 1063 2351 1102 fic

1334 1113 1370 1151 &
1389 1114 1510 1151 dolori
1532 1126 1574 1150 ac
1601 1115 1767 1163 lacrymis
1795 1127 1884 1152 cura
1915 1127 1936 1152 c
2000 1113 2111 1153 mode
2137 1112 2354 1153 adhibetur.-

1333 1176 1454 1202 curam
1475 1165 1586 1211 igitur
1609 1164 1778 1213 intellige
1798 1163 1977 1202 medicina
2029 1191 2040 1208 ‚
2058 1170 2174 1214 etque
2194 1163 2232 1200 id
2253 1164 2356 1214 Cyn·

1333 1215 1447 1254 thiam
1473 1215 1597 1253 dicere
1627 1215 1729 1253 velle
1755 1214 1938 1259 existima,
1969 1214 2137 1260 soporem
2169 1212 2278 1258 fuiffe
2304 1214 2370 1251 la·.

1333 1268 1469 1355 grymis
1491 1267 1572 1355 lsuis
1604 1266 1838 1355 postVcetera
1863 1264 2037 1356 ingagum
2065 1271 2204 1356 tentgta
2236 1275 2358 1303 reme·
2408 1300 2410 1302 ,

1362 1329 1435 1358 ium
1465 1329 1487 1356 u
1505 1328 1644 1356 timum.
1711 1328 1796 1356 arro
1824 1328 1843 1353 a
1873 1329 1895 1355 u
1981 1327 2031 1354 on
2052 1327 2089 1365 p.
2113 1327 2138 1364 4
2164 1326 2202 1354 0.
2229 1326 2266 1355 v.
2289 1327 2352 1364 30.

1334 1370 1470 1408 Horat.
1500 1371 1538 1409 Π
1573 1370 1643 1418 Ep.
1678 1380 1744 1413 11,
1775 1329 1870 1416 1361.³
1890 1369 2022 1408 Seren.
2055 1368 2256 1410 samma.
2290 1378 2353 1415 33.

1334 1421 1369 1458 ἃ
1402 1422 1548 1460 Comm.
1574 1418 1784 1459 Vindician.
1810 1419 1858 1458 de
1890 1418 2033 1458 Medic.
2061 1429 2100 1458 ν.
2124 1422 2161 1460 8.
2188 1419 2350 1458 Laetam.

1332 1470 1382 1511 de
1408 1473 1471 1512 Μ.
1492 1472 1538 1513 Ρ.
1554 1483 1589 1512 c.
1610 1481 1681 1519 33,
1710 1484 1754 1518 2,
1783 1482 1820 1520 5.
1843 1471 2210 1515 HnmsrunnusiuS..

1675 1573 1813 1612 Eun
1843 1584 1884 1612 e.
1935 1572 2018 1612 IV.

1388 1668 1484 1733 Pa&
1520 1681 1583 1720 45.
1624 1671 1730 1719 Eieg.
1771 1674 1840 1711 IV.
1887 1683 1924 1711 ν.
1959 1683 1992 1711 1.
2030 1671 2136 1727 Quid
2161 1672 2252 1711 mihi
2281 1679 2360 1712 tan-

1331 1722 1462 1760 multas
1490 1722 1686 1766 laudando,
1716 1721 1843 1772 Baffe,
1868 1722 2007 1770 puellas
2036 1724 2074 1759 in
2098 1732 2178 1761 not.
2208 1723 2293 1762 Col.
2315 1736 2353 1761 a.
2428 1761 2429 1764 ,

1331 1773 1398 1811 lin.
1419 1771 1500 1822 28.]
1519 1773 1560 1810 C.
1588 1770 1729 1822 Caesius
1758 1771 1884 1824 Baffus
1909 1771 2027 1810 izoem
2055 1772 2355 1820 lyricusmemo·

1333 1833 1431 1862 ratur
1458 1824 1585 1862 Persso
1610 1824 1685 1862 Sat.
1720 1825 1788 1864 VI.
1815 1825 1897 1863 init.
1927 1822 1988 1861 ubl
2013 1823 2099 1862 vide
2127 1821 2271 1863 Gloii'as
2290 1833 2354 1863 ve·

1332 1882 1431 1914 teres
1455 1874 1490 1912 δι
1521 1876 1748 1913 Marcilium.

1389 1933 1485 1986 Pag.
1519 1939 1583 1982 48.
1619 1936 1722 1983 Eleg.
1754 1935 1824 1973 IV.
1851 1941 2000 1979 ‘m
2034 1933 2182 1972 Gaudia
2197 1931 2271 1981 sub
2302 1938 2355 1971 ta·

1334 1986 1407 2023 cita
1434 1987 1559 2024 ducere
1582 1984 1671 2034 veste
1690 1983 1805 2035 libem]
1831 1995 1901 2034 pro
1929 1985 2014 2022 libet
2042 1984 2237 2032 LivineJus
2253 1984 2357 2034 lege·

1335 2036 1399 2075 bat
1425 2038 1528 2083 licet,
1551 2046 1730 2078 monente
1750 2037 1809 2075 Cl.
1837 2035 2054 2076 Schradero.

1707 2108 1749 2134 uo
1776 2098 1893 2147 magis
1924 2092 1975 2142 ὃ*
2009 2092 2138 2146 nqllros
2175 2095 2356 2134 contendis

1715 2149 1764 2185 in.
1809 2157 1871 2193 30.
1903 2147 2009 2195 post,
2062 2159 2129 2196 quo
2170 2149 2356 2198 magmas

1335 2198 1477 2250 nostros.
1504 2197 1636 2250 adde;]
1674 2198 1722 2236 fic
1744 2196 1839 2250 apud
1870 2197 2053 2236 Gunther.
2083 2198 2167 2236 Lib.
2191 2200 2263 2236 lx.
2292 2198 2356 2235 Li·

1332 2263 1412 2301 gur.
1441 2260 1528 2298 349.
1551 2251 1648 2288 reete
1675 2248 1848 2287 emendat
1871 2246 2143 2295 Ritterhufius,
2181 2248 2261 2287 Hoc
2284 2260 2357 2286 ma·
2408 2257 2410 2260 ’

1331 2305 1395 2354 gis
1426 2309 1612 2350 urgentes,
1656 2313 1720 2349 quo
1754 2301 1857 2350 regia
1879 2297 1990 2348 figna
2016 2300 2220 2348 propinquis
2255 2298 2360 2337 Fini-

1335 2359 1416 2398 bus,
1446 2350 1497 2399 ὅ)
1510 2363 1661 2404 magnas
1677 2354 1875 2389 metuebant
1894 2348 2053 2397 Caesaris
2066 2351 2152 2388 iras.
2178 2360 2250 2399 pro
2267 2349 2358 2399 quod

1334 2416 1475 2492 regi-abaia-
1521 2464 1558 2491 v,
1602 2458 1663 2494 16.
1702 2452 1784 2491 Hoc
1820 2453 1938 2502 magis
1962 2457 2101 2498 accepta
2127 2448 2236 2499 fallit
2264 2458 2360 2490 uter·
2416 2458 2418 2460 ’

1337 2517 1403 2556 que
1424 2501 1512 2553 fide.
1543 2504 1617 2541 col.
1649 2505 1682 2541 b.
1717 2504 1782 2540 lin.
1807 2514 1867 2542 11.
1893 2501 1974 2552 post
1992 2501 2145 2540 addutla
2174 2502 2361 2544 Markian-

1339 2559 1418 2594 dus.
1451 2553 1582 2604 adde;]
1615 2552 1782 2593 Eldikius
1817 2564 1930 2599 vero,
1961 2553 2045 2591 Hoc
2081 2554 2198 2604 magis
2222 2552 2359 2604 adserta
2378 2578 2387 2586 ,«

1330 2606 1445 2658 stabit
1464 2614 1607 2655 uterque
1617 2601 1708 2653 fide.

1391 2658 1477 2695 ibid.
1514 2658 1579 2697 lin.
1618 2662 1680 2697 16.
1713 2655 1795 2703 post
1831 2655 1959 2703 Vulpii
1994 2654 2104 2693 not'as.
2144 2652 2276 2704 adde;]
2323 2654 2359 2694 &
2418 2686 2419 2689 ,

1345 2709 1561 2750 Gonsalium
1582 2706 1626 2744 ad
1650 2707 1803 2745 Petron.
1830 2713 1917 2756 cap.
1944 2709 2029 2746 108.
2084 2727 2088 2732 ι

1398 2761 1495 2812 Pag.
1530 2770 1594 2806 49.
1620 2757 1727 2806 Eleg.
1755 2759 1826 2796 IV.
1854 2769 1891 2794 v.
1925 2763 1989 2797 26.
2025 2755 2168 2806 Quam,
2187 2753 2262 2803 fibi
2278 2767 2360 2795 cum
2388 2774 2391 2777 v

1343 2820 1440 2861 rapto
1459 2809 1567 2862 ceffat
1590 2821 1701 2846 amore
1724 2808 1842 2847 Deus.
1868 2808 1908 2846 in
1937 2816 2016 2846 not.
2046 2807 2118 2844 col.
2135 2809 2177 2844 ⁴11.
2205 2807 2269 2845 lin.
2294 2817 2359 2855 24.

1343 2863 1426 2913 post
1456 2867 1680 2911 vreponeretm·
1707 2861 1841 2899 Venus.
1867 2858 1961 2898 adde
1979 2856 2014 2908 ς]
2044 2857 2081 2895 id
2110 2857 2163 2896 est
2181 2885 2192 2902 ,
2226 2867 2362 2896 concu-

1341 2915 1454 2954 bitus.

1394 2964 1481 3003 iln'd.
1505 2962 1570 3001 lin.
1606 2973 1670 3008 29.
1701 2963 1782 3012 post
1810 2962 1903 3000 haec
1920 2990 1930 3006 ‚
1957 2959 2104 2998 dormiet
2129 2957 2204 3011 ipsa
2229 2960 2361 2998 Venus.
2392 2991 2397 2994 .

1345 3013 1477 3064 adde;}
1494 3013 1530 3053 δε
1549 3011 1596 3059 fic
1605 3014 1816 3059 conjecerat
1844 3014 1953 3051 etiam
1974 3006 2364 3061 Eldikiuesadscripto
2404 3057 2408 3061 K

1346 3066 1484 3110 Catulli
1505 3065 1592 3104 loco
1615 3065 1736 3104 earm.
1764 3064 1911 3117 LXIII.
1941 3075 1978 3100 v.
2009 3072 2067 3110 15.

1449 3127 1558 3182 Estne
1586 3130 1695 3170 novis,
1719 3130 1841 3179 nuptis
1859 3126 1936 3167 odio
1965 3127 2117 3167 Venus?
2344 3174 2347 3177 ¹

2176 3176 2296 3217 Eue.
2312 3178 2384 3218 Vs
