2514 3626
296 314 411 376 792
527 286 764 358 sex.
838 283 1401 351 AVRE‘Ltr
1464 282 2187 362 PROPERTII

523 425 913 500 ,Eurypyiique
953 426 1132 494 placet
1172 421 1317 479 Coae
1356 434 1563 480 textura
1604 424 1927 492 Minervae,

621 502 881 571 Sectaque
922 500 990 557 ab
1032 499 1283 556 Attalicis
1321 502 1498 572 putria
1535 500 1682 575 figna
1724 500 1886 559 toris:
1935 543 1939 548 ·

306 729 428 775 rium,
464 726 712 775 sophronium,
741 726 775 765 &
809 724 884 765 lim.
906 724 955 765 de
988 725 1120 774 quibus
1137 723 1225 764 vIde
1245 724 1333 764 Mu-

303 785 422 820 rator.
453 781 497 817 ad
530 780 671 817 *Anecd
705 780 841 819 Graec.
872 789 942 827 pag
981 781 1047 824 64.
1078 777 1115 816 <t
1151 778 1265 817 Tom.
1296 778 1329 816 1.

310 831 458 871 Aneed.
493 835 570 868 Lat.
603 842 682 880 pag.
718 841 801 877 147.
829 829 863 868 &
890 827 984 867 adde
1011 840 1104 878 quae
1131 829 1259 867 notavi
1286 826 1332 865 ad

310 882 516 927 Antholog.
550 883 631 920 Lat.
660 882 747 919 Vol.
772 882 822 920 ΙΙ.
857 892 936 931 pag.
963 884 1049 922 118.
1076 880 1183 920 Haec
1210 888 1331 918 autem

312 936 437 973 omnia
456 934 567 982 usque
590 934 635 972 ad
654 944 690 970 v.
717 939 780 975 61.
810 931 890 971 sunt
914 933 1062 970 vetulae
1087 931 1197 980 ipsius
1221 931 1335 970 verba

310 984 357 1023 nd
379 987 561 1035 puellari»,
589 995 690 1034 quam
723 985 915 1022 lenociniis
940 984 1010 1021 suis
1040 982 1240 1032 illaqueare
1267 981 1335 1020 stu-

308 1035 395 1080 det,
421 1035 580 1082 ideoque
599 1037 695 1074 illam
717 1034 853 1072 blando
876 1034 1079 1073 Doroxanii
1103 1034 1255 1072 nomine
1274 1031 1334 1070 ad-

309 1089 473 1138 pellare,
504 1086 710 1133 fingendum
738 1086 803 1123 est.
832 1087 920 1123 Nic.
942 1084 1099 1122 Heinsio
1115 1093 1238 1122 tamen
1270 1094 1337 1119 no·

309 1150 396 1178 men
423 1136 514 1175 illud
544 1138 752 1186 proprium,
780 1148 799 1172 a
837 1134 1022 1172 ‘rurnebo
1056 1133 1116 1170 vel
1145 1133 1335 1180 Scaligero

308 1189 527 1231 formatum,
557 1185 776 1236 displicuisse
800 1184 970 1225 videtur:
995 1185 1106 1221 variis
1129 1184 1228 1221 enim
1247 1192 1320 1219 con

309 1240 456 1291 Jec'luris
485 1240 593 1276 aliter
620 1241 711 1275 loco
739 1244 918 1284 corrupto
947 1234 1086 1273 mederi
1110 1241 1265 1272 conatur
1294 1233 1333 1271 in

314 1292 416 1330 notis
439 1292 481 1326 ad
518 1289 688 1338 Propere.
713 1298 793 1337 pag.
826 1290 910 1335 748.
939 1286 1013 1325 Sed
1031 1297 1181 1334 quarum
1205 1291 1335 1323 neutra

310 1342 459 1387 scopum
484 1340 592 1385 ferit,
622 1339 656 1378 ὅ(
679 1337 910 1377 manifestant
927 1347 1090 1382 tantum,
1107 1337 1334 1385 conieskuras

311 1393 420 1430 nimis
456 1394 565 1436 longe
603 1390 808 1438 quaesitas,
846 1390 907 1426 vel
948 1391 1058 1428 anxie
1087 1390 1334 1437 excogitatas,

309 1454 397 1482 raro
417 1442 636 1482 feliciflimas
657 1441 739 1480 effe.
756 1442 794 1479 Si
817 1441 923 1479 liceat
939 1440 1029 1478 mihi
1046 1452 1067 1477 a
1087 1440 1196 1479 tantis
1208 1439 1308 1476 Viris
1322 1465 1334 1485 ,

311 1495 441 1534 habito
463 1503 585 1533 tamen
612 1493 757 1531 honore
787 1492 928 1540 semper
947 1491 1019 1528 illis
1043 1490 1194 1535 debito,
1221 1489 1334 1527 disce-

317 1545 429 1588 dere,
459 1556 528 1592 pro
551 1545 703 1581 nomine
727 1543 793 1579 illo
819 1542 1091 1580 Doroxanium.
1120 1539 1219 1589 quod
1254 1549 1332 1578 tex·

309 1599 365 1638 tui
386 1591 528 1643 ingeffit
557 1591 804 1636 Broukhusius
822 1621 832 1637 ,
858 1593 1003 1630 mallem
1031 1591 1251 1641 simpliciore
1276 1591 1338 1628 via

310 1647 479 1685 codicum
511 1644 623 1683 MSS.
655 1644 804 1689 vestigia
835 1653 1030 1690 premere.
1064 1653 1140 1689 quo
1171 1652 1241 1679 nos
1270 1637 1336 1679 du·

314 1691 412 1735 cunt.
440 1699 483 1739 In
506 1697 677 1742 scriptura
695 1694 795 1730 enim
821 1692 903 1735 illa,
931 1702 1024 1739 quae
1048 1692 1087 1727 in
1112 1691 1196 1728 cod.
1220 1692 1334 1728 tertio

311 1747 494 1785 Voffiano
523 1751 701 1790 conparet
718 1772 728 1785 ,
763 1744 994 1792 derogantiam
1009 1770 1020 1786 ,
1047 1739 1147 1780 forte
1167 1741 1258 1779 latet
1281 1741 1335 1786 ip-

316 1798 386 1838 fius
420 1797 557 1844 Gangis
586 1794 735 1832 auriferi
766 1791 894 1834 Indiae
925 1791 1028 1830 fluvii
1047 1803 1208 1838 nomen,
1235 1788 1336 1838 quod

315 1848 381 1888 vel
406 1847 493 1886 ideo
521 1857 595 1883 non
620 1845 859 1891 displiceret,
884 1845 966 1887 quia
991 1851 1047 1881 tot
1074 1844 1225 1881 nomina
1254 1852 1340 1895 pro-

315 1900 396 1952 pria
421 1899 612 1946 sequentes
635 1897 780 1940 versus,
798 1897 860 1935 ubi
877 1896 1033 1941 pretiosa
1059 1895 1191 1942 puellis
1226 1894 1338 1942 ad'pe-

319 1952 387 1990 tita
424 1949 620 1992 describit,
661 1947 762 1985 velut
793 1947 988 1994 grandiore
1022 1946 1149 1994 spiritu
1174 1945 1339 1990 adflant,

318 2003 354 2041 dt
380 2012 490 2050 quum
515 2001 680 2048 reliquae
707 1999 903 2037 lectionum
929 1997 1124 2035 varietates
1142 1997 1343 2045 pleraeque

318 2054 358 2093 in
391 2060 534 2097 aurum,
563 2052 621 2087 vel
654 2058 773 2096 atum,
801 2048 987 2094 desinant,
1015 2046 1102 2087 inde
1135 2049 1235 2092 forte
1263 2048 1343 2089 avi·

320 2105 401 2146 dam
423 2102 509 2142 elici
532 2100 672 2151 posset,
701 2099 870 2151 adeoque
893 2099 941 2138 fic
962 2099 1114 2149 refingi,

373 2185 415 2225 Si
434 2190 471 2223 te
496 2182 571 2221 an
589 2177 733 2219 avidam
754 2180 893 2231 Gangis
900 2179 1012 2230 juvat
1032 2189 1142 2220 aurea
1162 2178 1256 2228 ripa·

319 2270 382 2313 vel
408 2268 483 2306 hoc
507 2263 645 2305 modo.-

377 2343 419 2383 δι’
437 2350 472 2382 te
494 2339 568 2380 an
593 2336 736 2380 avidam
756 2334 845 2375 doni
865 2336 977 2386 Juvat
994 2347 1102 2375 aurea
1123 2336 1215 2384 ripa.

324 2432 369 2468 ut
401 2424 550 2470 Ganges
586 2417 892 2465 subintelligatur,
931 2413 964 2453 δι
999 2425 1046 2454 ex
1073 2412 1351 2457 Doroxam‘um,

324 2476 393 2515 'vel
431 2473 523 2511 dieta
562 2469 730 2510 Vossiani
764 2466 846 2505 cod.
888 2466 1061 2513 scriptura
1097 2465 1352 2515 dorogantum,

333 2524 572 2576 transpositae
602 2528 789 2559 mutentur
822 2516 990 2567 syllabae.
1029 2514 1089 2554 sed
1118 2515 1219 2561 prius
1252 2521 1354 2560 prae-

333 2577 432 2621 fero.
460 2574 509 2615 fic
529 2573 655 2612 avidae
684 2568 807 2621 passim
839 2568 961 2617 poetis
981 2565 1152 2604 dicuntur
1179 2566 1353 2613 puellae,

336 2631 444 2670 lucro
478 2618 657 2664 &donis
693 2620 889 2662 inhiantes.
929 2626 968 2658 ut
998 2616 1126 2656 nostro
1164 2615 1250 2657 Lib.
1287 2615 1358 2655 111.

333 2680 395 2723 El.
431 2676 500 2719 XI.
528 2689 562 2723 1·
956 2706 962 2711 .

394 2757 584 2812 Quaeritis
602 2752 694 2794 unde
713 2748 830 2790 avidis
848 2760 918 2788 nox
936 2746 990 2799 fit
1004 2745 1154 2799 pretiqsa
1174 2747 1319 2795 puellis,

344 2844 407 2887 vel
435 2846 522 2882 latet
554 2843 703 2882 alterius
735 2838 839 2878 fluvii
866 2835 984 2876 Indici
1016 2833 1167 2874 auriferi
1193 2842 1330 2870 nomen
1349 2860 1361 2878 ‚

347 2897 578 2935 librariorum
602 2891 771 2940 inperitia
790 2888 944 2936 ejeaum
957 2917 966 2932 ‚
982 2885 1043 2935 (ut
1063 2885 1217 2936 plurima
1236 2881 1365 2922 Indiae

348 2946 433 2986 loca
458 2944 489 2981 ἃ
509 2943 657 2981 flumina
683 2942 809 2980 eadem
843 2939 892 2978 de
919 2937 1035 2976 cauffa
1055 2949 1103 2976 ex
1126 2934 1267 2982 scriptis
1297 2945 1363 2971 ve-

346 2999 466 3038 terum
494 2990 741 3039 evanuerunt)
767 2990 863 3039 quod
892 2990 928 3027 in
956 2990 1107 3028 aliarum
1140 2985 1348 3031 membrana

349 3044 606 3092 rimlefflone
625 3043 867 3079 Dorozam'um
885 3040 1091 3083 delltescat‚
1112 3038 1174 3077 sed
1200 3048 1276 3076 non
1299 3037 1363 3082 mi-

353 3109 426 3139 nus
446 3094 643 3135 'obscurum
658 3121 668 3136 ‚
692 3103 796 3136 Quam
830 3092 997 3139 Δορσ-άνης
1028 3092 1210 3131 Hercules
1231 3088 1277 3126 ab
1306 3089 1366 3127 ln-

2168 589 2262 649 25.
2301 556 2407 637 Seu
2431 576 2437 581 ’

1381 725 1528 767 ratione
1556 725 1667 768 valde
1696 723 1774 767 illic
1805 728 1970 769 aestuant
1994 728 2237 777 interpretes.
2274 721 2404 770 Fuerit

1381 777 1482 818 forte
1510 779 1599 820 olim
1628 781 1667 819 in
1702 780 1808 819 India
1829 779 1962 819 fluvius
1981 778 2198 830 Dorosanii,
2224 779 2285 820 vel
2311 789 2402 817 con·

1382 831 1493 869 traeta
1510 842 1617 878 ‚voce
1636 831 1794 883 Dorstmi
1816 835 1970 872 nomine
1996 831 2129 876 dietus,
2159 843 2179 869 a
2205 841 2280 880 quo
2305 830 2407 869 Her-

1385 882 1486 920 cules
1515 881 1558 921 sit
1579 887 1877 932 cognominatus.
1906 886 2005 934 quod
2028 882 2194 921 constare
2216 880 2352 929 poss‘et,
2376 878 2404 918 fi

1388 933 1614 983 superessent
1645 943 1704 973 tot
1736 945 1884 976 veteres
1912 936 2108 986 scriptores
2149 934 2303 977 Graeci,
2340 930 2405 980 qui

1386 985 1512 1023 Indica
1535 1013 1546 1030 ,
1588 984 1623 1023 ἂ
1654 985 1702 1024 de
1736 987 1964 1026 Fluminibus
1997 984 2215 1032 scripserunt
2235 1013 2244 1026 ,
2280 983 2408 1031 quales

1388 1044 1569 1077 memorat
1588 1036 1766 1075 Arrianus
1787 1038 1820 1076 ἃ
1842 1036 1927 1086 (uisi
1953 1037 1989 1074 hi
2009 1036 2079 1074 fieti
2100 1035 2187 1089 ssut)
2201 1035 2341 1073 Auetor
2361 1033 2405 1071 li·

1387 1086 1478 1122 belli
1498 1085 1546 1124 de
1565 1087 1817 1133 Fluminibus,
1844 1091 1907 1137 qui
1933 1085 2129 1126 Plutarcho
2153 1086 2342 1128 tribuitur,
2368 1083 2404 1122 <x

1385 1135 1510 1182 plures
1533 1135 1619 1178 alii,
1639 1146 1733 1182 quos
1758 1139 1796 1173 in
1832 1137 2112 1182 prolegomenis
2141 1137 2326 1176 Notarum
2350 1144 2408 1172 re·

1387 1184 1514 1223 censet
1535 1183 1767 1227 Mauffacus,
1806 1185 1841 1223 ἅ
1869 1185 2034 1224 Raderus
2057 1185 2101 1221 ad
2130 1184 2298 1223 Curtium
2321 1182 2361 1224 d.
2383 1183 2411 1227 l.

1388 1234 1463 1275 Sed
1479 1236 1700 1286 praestiterit
1713 1236 1838 1285 potius
1855 1247 1998 1275 manum
2017 1236 2211 1279 continere
2224 1236 2270 1275 ab
2284 1233 2411 1278 ulcere

1385 1287 1588 1326 insanabili.
1604 1298 1681 1325 non
1698 1296 1819 1327 tamen
1835 1298 1918 1327 cum
1937 1289 2091 1337 Guyeto
2107 1285 2225 1325 nodus
2241 1286 2300 1324 bic
2311 1287 2414 1325 Gor·

1390 1338 1474 1382 dius
1493 1342 1582 1378 ense
1604 1337 1777 1378 secandus
1797 1339 1872 1384 est,
1899 1339 1960 1389 qui
1977 1347 2095 1378 totum
2120 1337 2300 1376 distichon
2325 1337 2410 1385 spu·

1385 1392 1478 1429 rium
1498 1391 1770 1439 pronuntiabat.
1825 1389 1867 1428 ld
1886 1400 2025 1430 tantum
2045 1387 2174 1428 addam
2191 1388 2411 1431 baecPro-

1384 1443 1570 1491 pertiana,
1596 1443 1727 1491 quibus
1763 1442 1847 1480 lena
1874 1443 2036 1481 animum
2066 1441 2212 1490 puellae
2233 1438 2279 1479 ad
2309 1438 2408 1481 dona

1385 1492 1562 1541 captanda
1580 1493 1748 1538 instruit,
1776 1492 2010 1542 conparanda
2034 1491 2109 1533 effe
2126 1503 2209 1535 cum
2230 1490 2318 1532 loco
2339 1489 2410 1535 Ti.

1387 1542 1479 1581 bulli
1500 1543 1584 1581 Lib.
1609 1543 1661 1580 11.
1686 1542 1749 1581 El.
1768 1554 1807 1589 4.
1828 1553 1891 1590 27.
1920 1544 1956 1581 δι
1976 1545 2075 1592 seqq.

1443 1619 1479 1659 Ο
1496 1627 1632 1668 pereat,
1645 1622 1853 1668 quicumque
1863 1619 1955 1670 legit
1968 1616 2166 1667 virideffqrae
2183 1615 2410 1666 zmaragaoe,

1491 1670 1541 1714 Et
1557 1672 1696 1708 niveam
1723 1669 1831 1718 Tyrio
1846 1671 1978 1708 murice
1999 1670 2139 1718 tinguit
2158 1679 2266 1706 ovem.

1441 1719 1520 1759 Hie
1545 1719 1607 1757 dat
1631 1721 1806 1758 avaritiae
1824 1716 2013 1767 stimulos.-
2032 1719 2115 1756 hinc
2141 1719 2210 1756 coa
2230 1717 2362 1762 puellis

1490 1767 1625 1819 Vestis,
1656 1767 1706 1818 ὅ)
1728 1782 1745 1808 e
1769 1768 1890 1808 Rubro
1913 1768 2034 1807 lucida
2053 1766 2195 1806 concha
2216 1767 2323 1806 mari.

1389 1854 1500 1895 talem
1542 1853 1625 1892 doni
1661 1852 1803 1898 avidam
1842 1852 2044 1904 Cynthiam
2079 1849 2255 1895 describit
2289 1847 2416 1894 noste!
2460 1894 2463 1896 .

1391 1907 1480 1948 Lib.
1501 1905 1555 1944 11.
1580 1904 1641 1944 El.
1666 1915 1726 1952 13.
1750 1916 1810 1954 15.

1447 1980 1603 2032 Cynthia
1625 1991 1692 2019 non
1702 1979 1870 2031 sequitur
1882 1979 2024 2033 fasces,
2044 1993 2112 2021 non
2130 1987 2237 2021 curat
2252 1980 2419 2024 honmst

1503 2032 1645 2080 Semper
1665 2039 1857 2070 amatorum
1878 2032 2044 2080 ponderat
2060 2034 2127 2072 illa
2140 2030 2246 2083 finus
2266 2031 2336 2076 dcc.

1446 2083 1547 2134 Ergo
1564 2084 1768 2123 muneribus
1787 2085 1906 2131 quivis
1926 2091 2100 2122 mercatur
2119 2095 2291 2131 amorem,

1498 2135 1675 2187 Jupiter,
1701 2134 1854 2183 indigna
1878 2146 1988 2173 merce
2000 2136 2121 2182 puella
2135 2136 2244 2183 perit.

1448 2185 1592 2232 Semper
1612 2186 1651 2221 in
1673 2183 1853 2222 Oceanum
1871 2187 1984 2223 mittit
1995 2197 2050 2223 me
2064 2196 2228 2234 quaerere
2236 2195 2398 2235 gemmae

1423 2263 1437 2268 „
1500 2235 1552 2274 Et
1567 2235 1672 2285 juber
1689 2244 1734 2273 ex
1756 2235 1830 2286 ipsa
1852 2236 1973 2274 tollere
1991 2235 2082 2274 dona
2110 2234 2217 2286 Tyro.

1399 2313 1465 2356 ubi
1493 2322 1560 2362 per
1580 2319 1770 2351 amatorum
1795 2307 1901 2359 finus
1921 2309 2097 2359 intelligit
2117 2310 2220 2351 illum
2239 2318 2351 2360 togae
2369 2309 2419 2353 ss.

1401 2376 1510 2411 num,
1536 2364 1574 2403 in
1591 2374 1667 2414 quo
1690 2362 1882 2410 pecuniam
1901 2362 2090 2411 gerebant.
2108 2361 2280 2412 idemque
2298 2361 2421 2405 innuit

1402 2415 1619 2465 quod-apud
1642 2412 1757 2452 Ovid.
1779 2412 1862 2450 Lib.
1888 2414 1918 2450 1.
1945 2411 2034 2450 Am.
2056 2417 2091 2454 8.
2120 2423 2182 2461 37,

1458 2495 1547 2534 Cum
1569 2496 1651 2531 bene
1670 2489 1814 2539 ‹tgjeftis
1830 2492 2008 2540 gremium
2019 2489 2193 2542 speacm‘s
2210 2483 2349 2542 ocelln'f,

1512 2545 1699 2602 Quantum
1717 2539 1860 2592 quisque
1874 2539 1997 2591 ferat,
2025 2541 2258 2593 respiciendus
2277 2544 2360 2581 erit.

1412 2630 1476 2670 ubi
1506 2627 1594 2666 vide
1622 2633 1741 2664 notas.
1768 2624 1946 2672 ejusmodi
1976 2613 2202 2674 sanguisugas
2225 2623 2261 2663 dt
2290 2623 2438 2665 amatoS

1411 2692 1491 2722 rum
1511 2679 1733 2729 spoliatrices
1756 2679 1913 2724 exagitat
1930 2677 2058 2716 noster
2081 2677 2165 2716 Lib.
2184 2677 2255 2721 111.
2281 2676 2340 2716 m.
2356 2674 2449 2718 XIs

1412 2731 1501 2772 vide
1523 2727 1761 2772 Gebhardum
1782 2728 1865 2768 Lib.
1889 2730 1961 2772 ΠΙ.
1986 2726 2180 2777 'Crepund.
2203 2738 2282 2789 cap.
2307 2738 2373 2771 22.

1469 2854 1532 2892 23.
1561 2841 1806 2890 Eurypylique
1825 2840 1937 2885 placet
1961 2840 2048 2879 Coae
2064 2847 2210 2879 textura
2222 2819 2428 2889 Minervae,
2441 2889 2450 2893 ἱ

1587 2891 1751 2940 Senaque
1765 2893 1808 2929 ab
1826 2893 1996 2929 Attalicis
2009 2893 2133 2940 putria
2140 2890 2251 2944 signa
2261 2889 2380 2942 corin]
2404 2921 2407 2925 .

1413 2981 1523 3021 Nihil
1540 2980 1682 3018 variant
1704 2977 1810 3016 codd.
1843 2977 1957 3016 MSS.
1980 2977 2046 3015 nili
2069 2975 2167 3026 quod
2194 2970 2430 3025 Eurtptdiqub
2460 2987 2466 2992 ·

1416 3034 1454 3071 in
1498 3034 1670 3075 Excerpt.
1716 3028 1850 3068 Modii.
1886 3030 2173 3075 placent·texum
2210 3028 2247 3064 in
2281 3028 2429 3073 Askev,

1420 3078 1591 3137 Choae‘in
1616 3083 1737 3130 Neap.
1758 3080 1794 3129 dt
1819 3090 1904 3119 meo
1932 3088 2104 3128 utroque.
2132 3076 2194 3118 sed
2221 3077 2312 3116 mira
2330 3073 2435 3114 vide-

355 3148 415 3193 dis
445 3145 582 3194 ditius,
600 3143 706 3189 ,teste
738 3141 953 3194 Hesychio,
997 3142 1046 3188 de
1073 3143 1179 3196 eujus
1206 3138 1367 3185 nominis
1416 3144 1476 3180 tur
1499 3133 1645 3197 locutio
1661 3161 1674 3181 ,
1708 3139 1855 3174 textura
1885 3130 2077 3176 Minervae
2106 3130 2194 3176 Coae
2221 3126 2436 3221 ‘3⁸7³pr

2340 3187 2366 3230 ‘3
