2618 3658
194 495 1271 646 'tLAVRENTIVS
1408 527 2344 654 sA-NTENIVS·

855 812 1654 873 LECTORI

1180 1070 1185 1076 .
1236 1018 1302 1075 S.

239 1247 595 1399 Magnum
621 1325 863 1379 dolorem
888 1325 1025 1376 boni»
1051 1337 1237 1375 omnes
1256 1357 1275 1383 ,
1317 1319 1370 1374 &
1395 1333 1555 1374 verae
1583 1316 2165 1383 Eruditionis'studiofi
2183 1366 2203 1394 ‚
2245 1345 2315 1390 ex

232 1432 535 1475 BURMANNJ
563 1417 811 1474 SEcu'Nm
828 1428 1033 1478 morte,
1066 1431 1199 1482 quae
1242 1424 1368 1465 ante
1395 1408 1531 1462 duos
1559 1406 1731 1465 ferme
1758 1432 1928 1470 annos
1967 1422 2193 1486 accidit,
2222 1440 2309 1478 ce»-

231 1523 444 1583 perunt.
526 1511 788 1584 Quamvis
833 1508 978 1562 enim
1015 1508 1132 1570 vir,
1179 1503 1465 1560 excellenti
1495 1501 1546 1555 δε
1574 1503 1828 1558 immensa
1855 1507 2099 1565 doctrina
2133 1515 2304 1571 abun-

228 1605 394 1668 dam,
433 1603 540 1672 jam
579 1604 830 1672 quintum
859 1601 912 1656 δι
946 1599 1323 1672 sexagesimum
1351 1595 1538 1650 aetatis
1568 1611 1769 1651 annum
1801 1598 2090 1670 attigiss'et3
2122 1613 2302 1663 tamen

228 1696 341 1765 ejus
379 1697 559 1750 obitus
587 1699 902 1752 immaturus
933 1695 984 1748 &
1021 1694 1240 1749 acerbus
1283 1687 1664 1745 existimandus
1693 1689 1802 1757 est,
1848 1693 2028 1761 quod,
2070 1709 2303 1764 quorum

225 1790 456 1864 ingeniis
494 1791 816 1846 immortalia
858 1805 1019 1861 opera
1059 1799 1346 1859 parantur,
1402 1800 1589 1840 eorum
1630 1785 1740 1838 vita
1784 1787 1922 1841 ultra
1961 1791 2307 1849 mortalitatis-

226 1886 484 1940 terminos
523 1884 867 1957 producenda
908 1883 1169 1938 videatur.
1251 1880 1389 1954 Quis
1444 1892 1669 1943 autem,
1725 1877 1906 1950 (quod
1956 1883 2068 1938 fine
2122 1886 2297 1955 cujus-

224 1996 381 2048 quam
406 1979 734 2032 contumelia
764 1978 989 2032 dixerim
1007 1977 1057 2049 ἱ)
1099 1986 1182 2028 tot
1210 1986 1317 2027 tam
1344 1974 1625 2043 praeclaris
1655 1974 1906 2043 operibus
1949 1976 2080 2031 haec
2108 1977 2297 2034 huma-

221 2072 403 2124 nitatis
445 2071 614 2125 studia
642 2071 798 2123 auxit·
819 2070 868 2122 &
895 2068 1109 2121 ornavit
1127 2068 1153 2120 ἓ
1196 2066 1314 2134 quis
1339 2080 1453 2118 non
1476 2066 1740 2132 Juvenum
1768 2066 1967 2131 solum,
2011 2068 2101 2123 sed
2131 2073 2294 2130 etiam

218 2165 457 2219 virorum
487 2165 693 2217 animos
733 2176 882 2216 tanto
909 2163 1032 2215 ‘cum
1063 2158 1419 2222 eruditionis,
1462 2169 1576 2212 tum
1619 2159 1825 2227 patriae
1863 2176 2042 2215 amore
2078 2163 2289 2221 inflam-

216 2258 435 2332 mavit?
505 2258 641 2330 Quis
695 2258 776 2310 illi
820 2271 1052 2324 unquam
1096 2270 1190 2324 par
1231 2263 1468 2323 repertus
1511 2252 1587 2307 est
1625 2253 1683 2304 in
1723 2252 1951 2324 ingeniis
1991 2252 2056 2306 ad
2098 2270 2288 2328 magna

218 2353 435 2420 quaevis
482 2353 533 2406 δι
572 2351 799 2424 gloriosa
841 2348 1134 2405 excitandis
1167 2349 1194 2402 *ἒ
1237 2347 1380 2401 Vera
1421 2362 1506 2401 me
1544 2344 1846 2415 praedicare
1875 2382 1893 2409 ‚
1935 2344 2141 2412 sciunt,
2187 2353 2302 2418 qui*

214 2445 501 2498 infillustri
538 2425 1108 2501 Amstelodamenfium
1150 2441 1468 2504 Athenaeo,
1513 2458 1607 2512 per
1639 2429 1731 2495 ¹sex
1775 2439 1826 2494 &
1865 2441 2082 2512 triginta
2111 2457 2282 2498 annos

213 2537 503 2610 Burmanni
533 2541 755 2596 nomine
788 2537 1049 2593 illustrato
1067 2573 1086 2601 ,
1115 2535 1355 2590 animose
1376 2534 1661 2591 docentem
1691 2548 1900 2587 mecum
1923 2534 2278 2601 audiverunt;

215 2647 442 2699 quorum
471 2634 662 2699 multi,
706 2646 797 2688 aut
824 2634 1025 2704 patriae
1069 2630 1232 2684 Urbis
1276 2631 1523 2701 regimini
1566 2629 1799 2694 admoti,
1843 2638 1934 2682 aut
1967 2630 2289 2695 quatumvis.

193 2726 406 2797 'artium
446 2724 742 2781 doctrinam
770 2725 1011 2797 profeffi,
1055 2723 1107 2782 se
1145 2740 1290 2780 nunc
1312 2719 1534 2794 'quoque
1552 2723 1653 2778 -sub
1682 2722 2076 2778 Burmanniana
2117 2720 2289 2777 disci--

212 2819 361 2890 plina
402 2819 635 2874 animum
685 2818 971 2874 excoluisse
1010 2817 1262 2890 gaudent.
1341 2819 1541 2883 Novi,
1611 2834 1743 2888 quos
1783 2818 2117 2874 Burmannus
2158 2829 2270 2869 uno

215 2913 382 2965 verbo
426 2912 490 2964 ad
531 2913 795 2967 literarum
837 2928 1071 2968 amorem
1112 2910 1183 2968 fic
1225 2913 1569 2976 incenderit,
1615 2922 1672 2964 ut
1713 2925 1836 2966 eum
1877 2908 2117 2966 nonnisi
2147 2922 2270 2965 cum

213 3005 324 3057 vita
365 3005 728 3075 deponerent.¹
791 3006 895 3062 Sed
930 3006 1223 3062 Burmanni
1249 3008 1401 3061 dotes
1446 3007 1498 3060 δι’
1524 3005 1710 3059 merita
1736 3005 2004 3061 recensere
2035 3005 2271 3061 mearum

209 3112 322 3152 non
350 3072 715 3170 estNpartiuim
754 3100 1062 3172 praesertim
1089 3100 1206 3153 aliis
1236 3100 1341 3154 hoc
1370 3084 1546 3154 officio
1569 3098 1678 3169 jam
1715 3099 1817 3154 rite
1860 3096 2149 3154 defuncti&

1155 3190 1185 3222 '⁸'
1211 3190 1241 3222 *
2140 3192 2277 3248 Cum
