2514 3626
852 296 1154 359 AnL

550 426 757 470 ntro.
808 426 863 467 V.

248 534 343 586 Pag.
375 542 440 582 se·
468 529 577 580 Eleg.
610 540 645 578 ς.
674 540 715 569 v.
749 539 787 568 r.
821 520 969 576 Invida,
994 534 1037 565 tu
1059 525 1207 566 tandem

194 597 291 624 voces
313 581 478 635 compesce
499 578 675 631 molestas,
704 579 774 620 ἃς.
806 580 845 619 ἰη
868 587 949 618 not.
976 578 1049 616 col.
1076 579 1109 617 b.
1136 578 1202 616 lin.

193 646 255 684 19.
276 635 358 686 post
376 634 557 679 baec,cui
567 631 718 684 sumus,
735 629 829 670 adde
838 629 869 680 ;]
886 632 1040 670 alterum
1057 629 1203 668 versum

115 709 133 727 ι
193 686 407 726 mendosum
426 685 460 725 ἀ
486 682 534 722 fic
549 681 805 732 corrigendum
829 681 924 728 effe,
939 680 1111 721 censebat
1136 679 1202 719 El-

192 737 333 782 dikius,
376 735 426 775 Te
452 731 536 783 fine
563 746 625 773 nos
646 731 771 786 cursu,
797 744 872 784 quo
890 733 1031 776 sumus,
1058 732 1116 770 ire
1139 741 1204 781 pa-

193 796 274 828 rum
311 787 399 827 est?
444 785 494 824 Te
508 782 590 834 fine
607 814 619 832 ,
657 786 792 834 absque
823 787 861 823 te
887 793 1053 823 amorum
1087 781 1205 820 socio.

188 838 277 877 dein
299 846 424 886 pamm
449 834 522 886 est,
559 845 600 883 ut
632 836 696 875 lib.
728 837 781 875 Π.
810 834 917 886 meg.
949 838 995 876 18
1046 837 1107 882 36.
1147 833 1207 872 Sic

185 892 294 928 etiam
319 890 418 926 nobis
442 899 514 925 rma
530 886 649 936 puella
667 893 796 935 parum
815 882 878 934 est.
908 885 951 924 ἃ.
971 884 1037 923 lib.
1067 884 1142 923 111.
1167 893 1205 930 5.

193 946 257 990 46.
298 937 401 991 Quid
426 940 591 976 meritum
630 936 746 981 dicas.
787 939 850 976 cui
862 935 937 989 sua
962 943 1057 983 term
1078 941 1207 983 parum

189 993 255 1030 est.
284 990 369 1028 vide
390 999 485 1039 quae
505 987 553 1028 de
582 988 650 1026 hac
686 986 845 1026 formula
871 986 1001 1026 notavi
1021 983 1067 1023 ad
1089 984 1205 1023 Tom.

187 1043 240 1082 11.
266 1041 422 1081 Anthol.
440 1031 540 1079 *Lan
565 1050 605 1089 p.
631 1048 719 1086 532.
1031 1037 1035 1041 ”

243 1142 331 1181 ibid.
345 1141 392 1179 ad
408 1139 511 1177 eund.
530 1149 569 1176 v·
595 1135 648 1187 1.]
668 1139 840 1178 Vereor.
858 1144 900 1177 ut
918 1137 1026 1184 hujus
1044 1143 1207 1176 mentem

186 1194 340 1242 Elegiae
354 1220 364 1238 ‚
377 1199 569 1236 totumque
587 1189 824 1237 complexum
845 1188 927 1228 satis
953 1187 1207 1227 intellexerint

188 1247 428 1292 interpretes.
458 1240 588 1280 Gallus
609 1240 842 1288 Propertium
867 1238 1059 1290 pallidum,
1095 1248 1206 1288 atque

191 1295 407 1335 emaciatum
443 1290 638 1337 irridebat,
678 1289 757 1340 ipse
792 1289 1005 1329 deliciarum
1040 1291 1202 1328 Veneris

187 1356 322 1395 expers
350 1343 384 1382 ἃ
418 1351 639 1382 contemtor.
674 1352 750 1391 quo
779 1349 900 1381 tamen
928 1341 1088 1379 nostrum
1113 1351 1203 1389 pun-

183 1406 308 1448 geret,
342 1404 472 1434 eorum
497 1394 681 1432 amoribus
711 1392 1003 1432 interventurum
1036 1392 1112 1430 sese
1136 1392 1220 1430 mi·-

173 1450 359 1494 ‘nabatun
389 1445 574 1495 ipsamque
606 1443 824 1494 cynthiam,
858 1446 959 1491 cujus
986 1443 1203 1492 potestatem

188 1501 294 1550 parvi
332 1496 537 1546 pendebat,
573 1505 615 1534 ut
647 1497 763 1544 liquet
789 1506 836 1533 ex
870 1508 903 1534 v.
942 1503 1010 1541 31,
1046 1502 1205 1532 tentatu-

187 1559 296 1590 mm:
322 1559 405 1588 uam
429 1546 529 1596 quod
550 1552 701 1593 magnus
719 1546 882 1592 Soeliger
901 1545 1053 1582 Gallum
1078 1550 1205 1591 preca-

185 1609 305 1640 torem
331 1598 396 1637 fibi
425 1596 521 1646 apud
555 1595 751 1643 cynthiam
781 1595 816 1633 ἃ
840 1604 1050 1643 rogatorem
1076 1591 1202 1633 assum·

185 1650 265 1690 fiss‘e
282 1649 483 1693 existimet,
512 1645 549 1685 id
566 1645 673 1684 nullo
690 1647 800 1692 plane
819 1646 975 1692 vestigio
995 1644 1206 1692 deprehen->

184 1701 261 1741 das.
288 1699 460 1739 invidum
490 1697 600 1745 igitur
627 1694 777 1732 Gallum
799 1696 988 1743 appellat,
1016 1694 1078 1743 qui
1103 1695 1203 1732 bene

184 1750 379 1800 compositi
402 1748 499 1797 paris
525 1745 666 1785 cursum
691 1745 931 1792 interpellare
954 1755 1030 1783 non
1054 1755 1204 1784 verere-

185 1812 246 1843 tur
262 1831 275 1847 ,
313 1806 471 1847 eumque
502 1806 614 1835 voces
650 1795 732 1834 istas
767 1796 938 1835 molestas
966 1796 1203 1844 compescere

188 1853 314 1903 iubet:
340 1849 558 1889 dehortatur
592 1847 847 1886 autemillum
865 1859 903 1886 'a
929 1847 1122 1896 propoiito
1158 1859 1202 1886 ac

181 1905 370 1949 deterret;
397 1901 554 1950 primum
575 1897 846 1936 vehementiam
877 1899 990 1937 iratae
1014 1896 1200 1947 Cynthiae

187 1956 224 1996 &
245 1958 471 2004 importunas
506 1959 618 1989 voces
643 1960 720 1987 non
742 1950 966 1988 toleraturae
992 1950 1042 1986 ob
1071 1950 1200 1987 oculos

184 2005 383 2058 ponendo,
411 2011 507 2042 tum.
527 2001 554 2040 fi
579 2000 643 2038 vel
669 2001 827 2038 maxime
852 2001 949 2039 votis
973 2000 1052 2046 ejus
1079 2000 1200 2048 iniqua

181 2069 261 2096 non
278 2055 377 2095 foret
399 2052 580 2104 Cynthia,
605 2052 741 2090 amoris
762 2051 922 2096 miserias
942 2050 1198 2100 expingendo:

184 2119 306 2157 neque
323 2105 424 2144 enim
453 2102 602 2143 dubium
624 2102 700 2141 effe
714 2131 725 2149 ‚
745 2103 980 2152 quantumvis
1007 2100 1056 2140 de
1079 2101 1200 2140 forma

179 2170 222 2198 ac
245 2158 427 2207 potestate
452 2154 634 2204 Cynthiae
654 2153 769 2192 secius
795 2155 1000 2198 existimet,
1026 2154 1136 2200 quin,
1170 2153 1196 2192 fi

180 2209 227 2250 ad
244 2210 348 2248 illum
377 2209 499 2255 ignem
530 2206 682 2256 propius
712 2203 920 2247 accefl'erit,
947 2205 1064 2242 amori
1087 2205 1197 2244 victas

181 2271 310 2302 manus
333 2260 376 2299 iit
392 2258 563 2296 daturus:
591 2256 664 2293 Illa
678 2254 781 2305 feros
808 2257 941 2294 animis
959 2257 1100 2305 adligat
1114 2269 1198 2295 -ana

184 2315 292 2353 viros.
327 2311 435 2350 Haec
464 2307 491 2347 fi
513 2318 602 2346 vera
630 2306 730 2353 sunt,
756 2315 798 2346 ut
819 2309 975 2356 opinor,
1004 2308 1086 2353 jure
1106 2318 1194 2345 con·

178 2363 335 2404 tendere
360 2360 452 2400 mihi
473 2358 576 2406 poffe
607 2356 738 2395 videor
751 2368 801 2398 Ν.
834 2368 869 2405 3.
894 2358 1086 2406 legendum
1119 2357 1195 2396 effe

123 2428 126 2430 ·
180 2424 276 2453 meae
325 2414 437 2450 entire
458 2408 632 2458 furores:
671 2409 855 2456 Cynthiae
894 2410 1062 2447 nimirum
1081 2437 1092 2453 ,
1117 2410 1193 2448 tibi

180 2464 257 2504 mol
316 2463 413 2512 'sque
432 2460 506 2500 tuis
526 2458 681 2496 vocibus
702 2460 834 2504 iratae,
853 2458 1088 2499 furibundum
1113 2462 1174 2499 ani

180 2526 302 2556 mum:
327 2513 403 2552 boc
433 2513 519 2553 sane
546 2509 661 2558 liquet
685 2519 734 2548 ex
761 2520 798 2547 v.
822 2520 862 2555 7,
890 2514 926 2551 8.
958 2512 1025 2550 illa
1052 2523 1121 2548 non
1138 2510 1190 2559 fi·

181 2568 279 2605 milis
300 2563 350 2614 est
377 2564 480 2614 vagis
501 2561 654 2609 puellis,
681 2568 723 2598 ut
740 2567 882 2599 temere
902 2562 1038 2599 tentari
1059 2561 1188 2609 poffit,

1266 298 1294 355 Ι
1403 297 1467 355 Β.
1616 297 1662 358 1.

1259 436 1297 475 p.
1322 430 1360 468 6.
1389 425 1528 477 pariter
1550 432 1615 466 tua
1631 422 1726 464 infra
1746 423 1818 465 tx.
1841 434 1905 466 22.

1307 499 1361 539 Et
1379 498 1475 538 nihil
1497 500 1611 538 iratae
1634 499 1730 552 pqffe
1754 512 1885 553 negare
1909 508 2005 540 tuae.

1255 572 1353 612 Hor.
1375 569 1501 610 Carm.
1528 581 1571 618 r,
1600 582 1670 620 rs.
1697 582 1762 611 22.
1789 584 1858 612 non
1883 574 1946 612 hoc
1969 575 2150 622 pollii-itus
2166 585 2273 624 tnae;

1254 624 1448 664 Helenae:
1474 622 1682 662 fiesetiam:
1707 623 1755 661 ad
1772 624 1870 663 latus
1894 625 1964 677 effe
1979 625 2030 677 su
2112 631 2171 676 11,
2203 641 2271 670 12:

1256 687 1306 716 22
1328 673 1363 712 &
1381 684 1443 720 29.
1469 681 1508 711 av
1528 672 1646 723 nostra
1673 675 1815 726 ingenti
1849 675 1918 715 ὅτε.
1957 675 2031 716 Sed
2072 685 2074 687 '
2105 707 2115 723 ,
2153 681 2274 719 cultis-

1255 725 1343 765 lime
1386 725 1592 773 Viamingi,
1628 726 1692 774 qui
1723 726 1872 767 Latinas
1911 727 2109 776 elegantias
2154 731 2270 769 habes

1255 774 1553 835 perspectis-fimas
1570 805 1582 822 ,
1635 776 1766 816 horum
1821 780 2076 830 exemplorum
2122 783 2274 831 gratiam

1256 826 1350 867 mihi
1382 824 1488 865 facts.
1513 826 1869 869 Hensrznuusrus.

2169 301 2285 372 925

1278 930 1283 934 ”
1310 927 1406 985 Pag.
1432 937 1494 988 53.
1519 927 1623 976 Eleg.
1646 930 1697 967 V.
1715 940 1752 967 v.
1775 942 1811 979 3.
1843 930 1950 985 Quid
1965 931 2034 971 tibi
2054 934 2108 972 vis
2126 926 2275 985 insane?

1257 979 1730 1069 Ἐῖῖεὲέῖηῗὲἒςζῗοῐεεῖ]
1756 983 1889 1022 dolores
1912 985 1952 1022 in
1979 986 2184 1036 exemplati
2206 988 2270 1027 M.

1314 1132 1411 1182 Pag.
1441 1140 1504 1179 st.
1530 1129 1638 1190 Eleg,
1668 1133 1784 1171 V.,v.
1813 1144 1850 1180 9.
1880 1133 1987 1190 Quod
2011 1134 2050 1184 fi
2067 1135 2168 1187 sorte
2198 1142 2275 1179 tuis

1256 1193 1325 1221 non
1353 1182 1402 1232 est
1425 1189 1601 1220 cmrtrarza
1625 1181 1763 1232 νοτίῃ]
1786 1195 1903 1231 porro
1921 1188 1993 1232 jam
2019 1197 2141 1235 patet,
2167 1202 2274 1238 quan

1255 1231 1452 1273 commode
1475 1232 1606 1272 lectum
1626 1231 1742 1272 fuerit
1758 1244 1794 1272 v.
1815 1245 1853 1280 9.
1877 1237 1917 1274 in
1940 1239 2091 1278 vetustis
2111 1239 2198 1280 edd.

1311 1307 1422 1364 Quod
1433 1304 1472 1358 fi
1484 1305 1587 1358 forte
1614 1307 1686 1348 tuis
1710 1321 1777 1348 mn
1802 1308 1852 1360 est
1868 1316 2045 1354 contraria
2072 1319 2185 1358 votis.

1254 1405 1364 1444 quem
1383 1395 1551 1455 profecto
1574 1395 1716 1435 sensum
1740 1404 1819 1437 tota
1837 1398 1991 1449 Elegiae
2011 1402 2185 1451 οἰκονομία
2205 1411 2275 1456 poi

1254 1446 1379 1486 stulat:
1406 1447 1629 1497 Scaligerum
1650 1450 1823 1495 probavit
1839 1451 2105 1494 Brouknufius:
2129 1465 2167 1494 at
2183 1468 2277 1496 cou-
2299 1488 2302 1491 .

1255 1497 1391 1544 fidera,
1417 1500 1571 1547 quaeso,
1608 1500 1755 1538 maximi
1791 1501 1863 1539 viri
1890 1503 2238 1552 interpretationem
2254 1521 2268 1546 :

1253 1555 1318 1585 aut
1338 1555 1428 1595 pone
1457 1550 1558 1586 illam
1594 1550 1683 1587 mihi
1711 1558 1773 1596 pro
1797 1558 1842 1588 ιε·
1855 1557 2015 1599 precanti
2052 1557 2164 1596 viae-5
2193 1566 2271 1596 ma-

1254 1610 1322 1637 nus
1354 1597 1514 1649 dediffu
1550 1597 1623 1636 hoc
1648 1599 1738 1637 illud
1779 1601 1859 1645 est,
1892 1603 1991 1651 quod
2023 1604 2122 1654 dixi,
2161 1609 2274 1648 nullis

1253 1651 1498 1695 argumentis,
1525 1650 1623 1686 nulla
1651 1660 1700 1687 ne
1721 1651 1869 1699 quidem
1892 1654 2014 1700 specie
2035 1658 2162 1697 nixum
2182 1660 2272 1698 Gal·

1251 1698 1328 1736 lum
1359 1697 1477 1735 orass'e
1508 1699 1740 1745 Propertium
1762 1727 1776 1745 ,
1817 1708 1858 1738 ut
1894 1701 1959 1740 fibi
1994 1710 2158 1752 paratius
2194 1710 2270 1749 effe

1253 1746 1370 1786 vellet
1387 1748 1422 1786 ἀ
1449 1758 1652 1798 proxeneta
1674 1750 1767 1799 apud
1789 1751 2009 1800 cynthiam:
2034 1754 2159 1796 duram
2184 1761 2271 1800 sane

1250 1797 1503 1838 conditionem
1524 1828 1535 1843 ‚
1570 1801 1606 1838 ἃ
1639 1812 1684 1839 os
1716 1800 1910 1851 impudens
1938 1804 2058 1853 Galli,
2095 1810 2158 1858 qui
2195 1810 2271 1850 hoc

1249 1857 1391 1890 tantum
1413 1850 1540 1889 oneris
1564 1851 1684 1888 amico
1714 1853 1779 1890 suo
1803 1853 1998 1902 imponere
2022 1868 2099 1896 non
2118 1859 2268 1901 dubita·

1252 1902 1368 1941 verit!
1401 1903 1540 1940 Verum
1564 1913 1641 1940 non
1659 1900 1845 1948 diffiteor,
1870 1905 1908 1942 in
1933 1906 1996 1944 illa
2017 1908 2139 1955 scripti
2155 1907 2267 1958 libri,

1237 1963 1356 2002 ,quam
1377 1952 1541 2002 Scaliger
1558 1955 1730 2000 protulit,
1744 1954 1904 1999 lectione
1925 1957 2156 2013 summopere
2178 1964 2270 2003 mihi

1250 2004 1397 2062 placere
1426 2005 1535 2056 arafa,
1570 2014 1702 2043 vocem
1738 2006 1776 2042 in
1809 2005 1884 2043 boc
1916 2006 2004 2047 loco
2036 2017 2267 2053 convenien-

1248 2054 1417 2096 ttffimam
1439 2083 1452 2100 ,
1492 2054 1528 2093 dt
1571 2057 1789 2103 praecipuae
1831 2056 2000 2096 virtutis:
2042 2073 2155 2108 quare
2190 2065 2267 2104 levi

1248 2117 1358 2145 manu
1396 2106 1528 2144 lubens
1559 2103 1771 2152 refinxero‚
1796 2107 1888 2155 quod
1904 2106 1943 2157 fi
1958 2107 2058 2158 forte
2080 2113 2170 2151 aufis
2194 2127 2265 2156 nora

1246 2154 1297 2206 est
1335 2159 1510 2195 caemtraria
1550 2152 1686 2204 vestris.
1733 2156 1833 2206 quod
1874 2167 1945 2207 ego
1985 2172 2062 2200 non
2106 2174 2266 2214 vereor,

1245 2219 1295 2247 ne
1340 2208 1543 2259 Propertio
1583 2205 1772 2257 indignum
1813 2208 1995 2251 videatur.
2042 2213 2266 2257 Hemna-

1243 2269 1399 2298 nustus.

1298 2363 1394 2415 Pag.
1420 2372 1481 2410 52.
1503 2361 1609 2412 meg.
1635 2372 1670 2409 5.
1687 2373 1726 2400 v.
1749 2372 1808 2402 ro.
1827 2363 1883 2402 A}
1906 2364 1977 2402 tibi
1989 2375 2156 2407 curarum
2176 2372 2263 2410 mil.

1244 2415 1298 2452 lia
1319 2423 1452 2465 quanta
1474 2413 1583 2452 dabit.
1612 2414 1649 2451 in
1673 2422 1749 2452 not.
1770 2413 1842 2451 coi.
1861 2427 1883 2451 a
1903 2414 1969 2452 lin.
1997 2428 2056 2455 ιο.
2077 2420 2177 2466 post,
2192 2431 2264 2468 pm,

1244 2473 1325 2515 quot
1345 2467 1472 2503 millia.
1493 2463 1624 2515 adde3]
1641 2473 1681 2503 ut
1703 2464 1810 2512 saepe
1835 2471 1938 2504 tunm
1956 2467 1989 2504 ἃ
2005 2477 2158 2516 quanta,
2185 2484 2258 2520 pro

1242 2525 1293 2554 tot
1333 2516 1367 2554 ἀ
1406 2523 1499 2565 quot.
1536 2516 1669 2554 Manil.
1704 2517 1775 2555 111.
1821 2515 1874 2554 Et
1908 2522 2050 2564 quantis
2080 2522 2121 2559 in
2161 2529 2258 2562 utro.

1241 2579 1307 2617 que
1342 2568 1453 2606 modis
1483 2568 1652 2605 tollentur
1678 2567 1726 2604 ad
1753 2573 1862 2605 ortus.
1898 2568 1960 2605 ubi
1998 2567 2086 2609 vide
2118 2571 2253 2623 Scalig.

120 2675 122 2678 7
182 2619 352 2675 Molliter
378 2612 485 2666 imfii
501 2640 513 2657 ,
548 2622 611 2670 nef
635 2609 728 2661 sciet
752 2613 819 2650 illa
850 2613 919 2649 tibi
937 2625 950 2650 .·
975 2611 1188 2672 ‚Cynthiam
1239 2630 1276 2666 p.
1296 2627 1387 2665 403.
1412 2617 1632 2657 Rittersbus.
1660 2616 1705 2655 ad
1725 2616 1911 2656 Guntheri
1926 2619 2055 2668 Ligur.
2079 2622 2166 2662 Lib.
2183 2625 2242 2666 IV

179 2678 221 2707 ut
243 2667 407 2706 laudibus
435 2670 623 2713 perpetuis
638 2660 773 2701 efferat
800 2663 945 2707 noster,
974 2666 1188 2712 impotentis
1235 2681 1274 2719 p,
1307 2674 1370 2711 33.
2240 2655 2255 2668 “

171 2728 297 2760 tamen
320 2715 430 2755 animi
465 2713 574 2752 fuifl'e
599 2711 769 2752 feminam
803 2713 838 2752 δι
871 2714 1027 2758 superbe
1047 2715 1191 2755 iracun-

174 2769 258 2808 dam
294 2768 446 2808 minime
475 2763 687 2810 disfimulat3
733 2765 821 2804 hinc
851 2772 1014 2811 expertae
1047 2768 1189 2807 verbera

1294 2771 1389 2820 Peg.
1413 2774 1473 2817 56.
1503 2768 1610 2819 Eleg.
1640 2780 1676 2818 ς.
1703 2781 1741 2810 v.
1765 2779 1827 2816 ας.
1860 2769 2011 2826 Qodfi
2034 2781 2147 2824 parva
2166 2786 2252 2820 tuae

165 2820 343 2874 saevitiae
362 2847 376 2865 ,
412 2824 470 2856 tot
503 2816 620 2863 jurgia
637 2843 648 2860 ,
683 2815 816 2865 illaque
849 2817 968 2862 gravis
1011 2816 1090 2855 rixa
1123 2829 1174 2857 ve
1235 2822 1373 2862 dederis
1395 2819 1547 2872 vestigia
1571 2822 1707 2869 culpae.
1732 2822 1770 2860 in
1799 2829 1878 2863 not.
1909 2824 1985 2865 col.
2008 2826 2042 2866 b.
2071 2826 2139 2868 liu.
2166 2831 2253 2882 29]

178 2870 375 2910 nustiffime
403 2867 583 2915 descripta
605 2865 683 2911 IV,
712 2871 746 2907 8.
775 2866 928 2906 Deinde
959 2867 1059 2907 recte
1089 2880 1190 2910 nea.-

183 2922 292 2971 saepe
312 2922 474 2959 Terent.
497 2917 669 2966 Propert.
692 2917 752 2956 El.
772 2917 846 2967 seq.

227 3001 301 3041 lua
328 3008 446 3038 meam
470 2993 609 3046 mihise
621 2995 701 3044 jan
721 2995 871 3048 denegat
901 3016 1012 3033 .-

172 3080 210 3120 02
240 3078 365 3123 Vlll,
393 3086 456 3125 34;
490 3084 540 3123 42
558 3101 570 3120 ,
596 3083 661 3122 44.
696 3067 755 3117 va·
782 3070 859 3123 ι’μὺ
886 3074 1068 3116 Aristaeo.
1094 3077 1129 3117 1.
1149 3077 1185 3118 1.

1239 2885 1277 2913 v,
1304 2871 1350 2911 ad
1372 2871 1461 2911 Lib.
1480 2873 1555 2912 111.
1572 2872 1632 2912 m.
1652 2884 1714 2923 14.
1740 2883 1806 2914 ιι.

1285 3126 1483 3171 Bbbbbb
1513 3135 1538 3166 a
2043 3126 2254 3184 Eumvij
