2514 3626
425 105 459 130 f

247 300 357 366 630

485 246 2135 349 sEx.AVREL11PR0PERTi1

478 422 688 492 Gyrum
714 416 884 490 pulsat
912 417 1098 485 equi5‚
1142 417 1363 471 niveum
1393 414 1528 469 latus
1566 415 1688 470 ense
1733 416 1998 482 revincit,

557 496 981 568 Virgineumque
1020 506 1156 546 cavo
1197 491 1466 576 praetegit}
1491 507 1610 547 aere
1651 502 1828 563 caput.

256 724 361 812 segusa
395 725 475 815 engi
507 721 679 773 possunt,
715 728 757 761 ut
786 721 824 760 in
853 719 921 760 illo
957 719 1108 760 Horatii
1131 718 1217 759 Lib.
1245 720 1276 759 Ι.

258 787 320 814 ot.
352 785 411 822 19.
466 803 476 814 .

412 845 498 885 Urit
521 857 573 884 me
602 845 772 897 Glycerae
796 848 911 893 nitor¹

409 898 629 946 splendentis
657 899 768 938 Pario
791 910 956 938 vnarmore
982 899 1122 948 purius.

247 972 426 1024 flaventia
458 975 669 1022 conjecerat
701 975 895 1015 D’Orvill.
924 977 1075 1027 propius
1097 974 1140 1014 ad
1157 975 1279 1025 vulga-

257 1037 329 1065 tam
348 1025 563 1071 accederet,
592 1026 860 1066 emmenum-ut
884 1027 924 1067 in
954 1028 1117 1076 margine
1140 1027 1279 1064 codicis

258 1079 334 1117 mei
351 1076 498 1116 dudum
532 1077 787 1123 conjeceram·¹
812 1088 1005 1126 antequam
1042 1077 1204 1115 viderem
1231 1076 1279 1114 fic

257 1129 368 1167 etiam
394 1125 600 1166 emendasse
622 1129 821 1167 Gruterum
844 1129 928 1166 Lib.
959 1129 1010 1166 X.
1036 1127 1176 1177 Suspic.
1197 1137 1278 1172 cap.

262 1189 299 1227 7.
319 1179 356 1216 in
382 1178 544 1217 Miscell.
568 1180 673 1216 Nov.
705 1179 806 1227 Lips.
848 1178 936 1216 Vol.
957 1179 1030 1216 III.
1062 1177 1104 1215 P.
1135 1187 1170 1222 3.
1197 1185 1278 1224 pag.

258 1236 348 1277 496.
375 1236 559 1278 perpetuo
589 1228 668 1266 fere
694 1228 926 1266 brachiorum
955 1227 1018 1266 vel
1044 1226 1283 1263 humerorum

260 1282 440 1331 epitheto.
471 1279 574 1326 supra
606 1278 694 1316 Lib.
720 1280 770 1317 II.
799 1278 860 1318 El.
890 1283 950 1320 18.
979 1288 1012 1325 ς.
1043 1277 1126 1315 Sive
1150 1277 1283 1324 aliquis

260 1332 358 1370 molli
383 1329 524 1368 deducit
541 1329 689 1368 candida
707 1327 812 1380 gestu
834 1329 1002 1368 Brachia.
1015 1327 1102 1366 vide
1119 1326 1281 1371 Bentlej.

261 1382 307 1419 ad
330 1382 460 1420 Horat.
484 1377 514 1419 I.
544 1379 607 1417 od.
632 1392 666 1419 2.
697 1392 758 1429 31.
789 1380 824 1418 &
849 1391 942 1428 quae
973 1379 1101 1418 notavi
1132 1376 1178 1414 ad
1200 1377 1281 1415 Nu-

262 1433 379 1471 mism.
407 1431 520 1471 Sicul.
548 1442 629 1480 pag.
667 1436 754 1477 398.
793 1429 840 1468 fic
872 1441 960 1469 mox
992 1432 1136 1467 niveum
1171 1429 1281 1465 latus.

260 1484 457 1535 gaudentia
491 1489 613 1518 tamen
632 1508 642 1525 ,
677 1490 718 1518 ut
748 1479 865 1519 edidit
891 1479 1162 1523 Broukhufius,
1199 1479 1282 1517 suos

259 1543 408 1584 quoque
443 1529 591 1570 codices
627 1529 661 1567 &
703 1532 863 1568 vetustas
899 1531 1037 1568 habent
1068 1528 1255 1567 editiones
1271 1555 1283 1572 ,

259 1582 450 1633 quibus-se
469 1588 658 1619 tueantur.
677 1579 712 1619 δι
733 1580 780 1619 fic
801 1579 897 1632 apud
914 1580 1039 1620 Valer.
1063 1580 1121 1619 Fi.
1145 1591 1177 1619 1.
1201 1589 1286 1625 109.

362 1655 682 1708 -facilesque
706 1657 862 1695 humeris
879 1656 1122 1707 gaudentibus
1143 1666 1247 1693 arcus

317 1709 441 1759 Gestat
468 1709 600 1758 Hylas.

261 1800 325 1839 ubi
362 1799 400 1837 in
432 1797 505 1835 hoc
532 1795 718 1844 Propertii
761 1794 846 1833 loco
876 1792 1144 1833 Broukhufium
1167 1791 1287 1832 vindi.

264 1851 360 1890 caffe
389 1848 588 1901 gaudentia
615 1846 758 1885 brachia
789 1845 962 1895 probavit
990 1846 1144 1884 Patruus
1169 1854 1286 1883 meus.

220 1906 222 1908 '
263 1902 375 1952 idque
411 1901 520 1939 etiam
557 1896 725 1937 defendit
764 1897 1086 1944 Struchtmeyerus
1124 1896 1162 1933 in
1192 1896 1287 1934 Ani-

266 1952 390 1994 madv.
417 1951 544 1990 Critic.
578 1959 658 1998 pag.
695 1960 780 1988 101.
809 1947 908 1997 quod
931 1957 1051 1986 autern
1087 1945 1148 1984 hic
1171 1947 1289 1998 ligare

266 2005 315 2043 de
337 2002 514 2042 caestibus
537 1999 691 2047 dicitur,
721 1999 757 2039 id
783 1999 956 2040 inuertere
977 1999 1031 2038 est
1049 1997 1211 2048 Virgilio
1236 1997 1286 2037 V.

265 2057 367 2097 Aen.
393 2064 484 2100 424.

322 2130 528 2181 Tumsotus
539 2127 697 2181 Anchisa
713 2127 848 2180 caestus
860 2138 960 2178 pater
971 2131 1105 2169 extulit
1121 2140 1265 2180 aequos,

316 2184 370 2223 Et
387 2184 533 2232 paribus
550 2182 685 2230 palmas
701 2184 887 2238 xamborum
904 2184 1077 2221 innexuit
1092 2183 1214 2221 armis.

266 2270 381 2313 multa
419 2278 513 2307 vero
540 2266 584 2305 ad
619 2267 716 2307 hunc
747 2267 872 2307 locum
898 2267 1070 2309 facientia
1100 2267 1148 2306 de
1170 2269 1291 2308 caestu

268 2325 304 2364 ἃ
335 2319 526 2373 pancratio
561 2317 664 2358 dedit
688 2317 783 2359 Lud.
813 2319 846 2358 la
875 2319 996 2359 Cerda
1021 2319 1065 2358 ad
1100 2321 1206 2370 Virg.
1239 2318 1287 2359 V.

271 2377 369 2415 Aen.
404 2384 442 2412 v·
474 2380 561 2419 379.
589 2371 640 2409 T.
674 2373 726 2410 ΙΙ.
753 2381 792 2420 p.
829 2381 916 2418 541.
953 2383 1039 2420 54²·
1066 2368 1218 2418 caestum
1247 2371 1286 2408 in

271 2431 448 2464 contextu
466 2422 574 2466 dedi,
589 2422 671 2470 quia
689 2432 821 2460 vocem
836 2421 931 2464 hanc
952 2434 1033 2461 cum
1053 2421 1286 2471 diphthongo

270 2475 493 2515 scribendam
515 2473 648 2512 indicat
668 2473 820 2512 Servius
842 2470 888 2511 ad
906 2474 1010 2522 Virg.
1035 2474 1085 2512 V.
1104 2473 1202 2510 Aen.
1219 2478 1283 2518 69.

275 2524 407 2575 caestus
428 2534 490 2575 per
505 2525 761 2576 diphthongum
782 2523 951 2575 pugilum
969 2519 1260 2572 armafigrzificat
1272 2537 1285 2562 .·

275 2577 374 2614 habet
405 2579 510 2615 etiam
540 2586 725 2613 numerum
759 2576 954 2622 pluralem,
992 2571 1042 2621 ὅ)
1069 2574 1119 2624 est
1144 2573 1285 2624 formae

279 2634 431 2675 quartae.
456 2627 609 2666 formam
623 2626 702 2673 ejus
720 2626 965 2675 cognoscere,
981 2624 1079 2663 unde
1091 2627 1288 2673 ligamenta

279 2674 516 2722 colligantur,
540 2677 694 2728 volupe
710 2676 782 2715 erit
806 2687 853 2715 ex
872 2675 1018 2715 Tabula
1054 2675 1151 2726 apud
1177 2677 1286 2715 Hier.

280 2726 542 2764 Mercurialem
563 2729 647 2766 Lib.
667 2729 719 2766 11.
739 2726 787 2766 de
803 2727 888 2769 Art.
903 2728 1179 2777 Gymnast.pag.
1202 2737 1288 2775 155.

279 2776 316 2814 ἂ
347 2775 444 2813 notis
477 2776 605 2823 steph.
642 2778 833 2827 stephanii
866 2777 910 2816 ad
941 2778 1078 2818 Saxon.
1121 2781 1285 2818 Gramm.

279 2825 366 2867 Lib.
386 2826 457 2864 111.
481 2825 575 2863 Hist.
593 2827 690 2865 Dan.
719 2840 799 2877 pag.
823 2833 884 2877 84.
904 2826 939 2868 ὅ(
959 2830 1054 2878 seqq.
1084 2828 1118 2868 &
1138 2840 1185 2868 ex
1206 2829 1288 2867 Nu·

280 2877 350 2917 mis
372 2875 546 2930 antiquis,
563 2875 600 2912 in
616 2878 744 2924 quibus
762 2881 880 2919 caestu
897 2891 1061 2930 pugnans
1080 2881 1179 2930 Eryx
1198 2886 1285 2918 con··

282 2927 450 2976 spicitur,
468 2924 515 2964 de
530 2925 659 2973 quibus
680 2928 738 2973 egi
760 2930 796 2976 in
815 2931 1024 2970 Comment.
1041 2929 1086 2969 ad
1103 2931 1284 2970 Numism.

281 2979 356 3017 Sic.
374 2984 408 3025 p.
435 2986 522 3026 397.
545 2974 579 3013 δι
600 2975 671 3024 seq.
698 2978 742 3013 ab
763 2978 830 3017 hac
849 2990 969 3019 autem
997 2983 1178 3021 caestuum
1196 2982 1288 3020 lufita

279 3025 549 3077 mastrucophori
595 3027 762 3064 Lacones
808 3030 903 3077 apud
953 3033 1192 3071 prudentium
1215 3033 1285 3072 '11,

283 3079 418 3118 contri>
447 3076 651 3128 symmach.
691 3084 775 3125 516.
810 3081 873 3118 ubi
906 3082 980 3122 vid.
1011 3083 1065 3124 N.
1091 3082 1288 3125 Heinfium

2269 565 2343 622 Et

1327 727 1490 758 ceterum
1513 718 1629 766 pilae,
1653 717 1791 764 trocho,
1813 718 2011 766 pancratio,
2041 715 2074 754 δεῖ
2094 712 2344 768 caestibusfhic

1328 770 1461 823 discum
1483 770 1665 819 adjungit,
1694 779 1733 808 ut
1759 769 1854 818 apud
1879 768 2076 808 Horatium
2104 771 2152 806 A.
2183 769 2226 806 P.
2248 769 2334 814 380.

1329 821 1428 861 unde
1453 822 1525 859 hoc
1550 821 1630 871 ipso
1655 820 1841 869 Propertii
1859 820 1947 858 loco
1977 820 2127 858 Patruus
2155 826 2261 856 meus·
2282 819 2342 856 fir·

1330 883 1405 912 mat
1437 873 1633 911 leetionem
1661 871 1802 910 codicis
1825 869 2138 911 Francofurtenfis
2161 870 2199 908 in
2232 869 2341 908 versu

1327 935 1505 972 corrupto
1527 922 1660 962 Ovidii
1679 925 1729 962 11.
1756 923 1868 961 Trist.
1896 926 1988 970 486.

1380 1006 1472 1046 Ecce
1493 1006 1590 1044 canit
1602 1003 1742 1056 formas
1764 1006 1860 1044 alius
1869 1003 2053 1055 justusque
2070 1007 2246 1054 pilarum,

1431 1057 1511 1096 Hic
1531 1064 1641 1095 artem
1663 1055 1753 1108 disci
1773 1059 1965 1104 praecipit,
1993 1058 2054 1094 ille
2074 1057 2197 1096 trochi.

1331 1131 1396 1169 ubi
1417 1130 1493 1169 Hic
1520 1139 1631 1168 anem
1655 1132 1767 1169 nandi
1787 1143 1980 1181 perperam
2007 1134 2045 1170 in
2066 1133 2232 1181 vulgatis.
2257 1135 2353 1178 illud'

1328 1180 1466 1237 pondus
1493 1179 1581 1229 disci
1620 1178 1780 1239 ἠιιζψξεξ
1823 1189 1864 1219 ut
1892 1183 2058 1229 Spartani
2087 1183 2241 1238 pondera
2266 1185 2355 1238 disci

1333 1238 1444 1288 etia-m
1478 1238 1599 1289 vocat·
1613 1229 1799 1289 Martialis
1833 1232 1873 1270 in
1899 1232 2099 1283 Apophor.
2137 1235 2206 1284 lip.
2239 1241 2351 1284 162„

1333 1282 2100 1381 {iiiiiifiitff’iffisissssssfflay‘iz?
2123 1286 2349 1389 {55⁶5}oess-

1335 1388 1424 1430 167.
1455 1389 1542 1427 169.
1569 1382 1604 1421 δι
1646 1393 1733 1430 170.
1763 1385 1798 1423 δι
1826 1385 1864 1424 in
1901 1385 2014 1426 Gudii
2041 1387 2225 1438 Inscriptt.
2262 1391 2354 1430 Ant.

1331 1444 1414 1482 pag.
1443 1433 1546 1472 CIX.
1570 1433 1663 1472 Insc.
1693 1437 1729 1474 8.
2350 1447 2355 1451 ’

1392 1546 1451 1578 11.
1482 1533 1622 1584 Cyrum
1651 1532 1767 1584 pulsat
1798 1536 1924 1584 equis,
1970 1539 2113 1579 niveum
2144 1542 2264 1584 latus»,
2280 1543 2357 1593 ense

1337 1583 1506 1634 revincit]
1532 1583 1739 1623 inusitatum
1774 1585 1950 1635 loquendi
1969 1598 2085 1635 genus
2117 1590 2192 1628 effe
2223 1594 2359 1632 merito

1340 1634 1485 1673 notavit
1502 1634 1737 1681 Passeratius,
1765 1634 1801 1673 ἃ
1818 1649 1909 1686 gyro
1926 1637 2043 1689 pulsat
2060 1650 2164 1688 equos
2183 1643 2356 1689 conjecit.

1339 1685 1402 1723 sed
1421 1686 1552 1723 rectius
1573 1686 1609 1723 se
1626 1685 1738 1724 habet
1757 1686 1880 1724 Latini
1901 1688 2039 1726 Latinii
2058 1691 2200 1730 varians
2219 1693 2352 1735 lenio:

1340 1736 1485 1774 Circum
1510 1734 1629 1787 pulsat
1655 1738 1772 1784 equis,
1809 1743 1918 1785 atque
1953 1739 2003 1776 ita
2041 1739 2102 1777 cl.
2132 1741 2358 1784 Schraderus

1337 1785 1496 1825 Emend.
1518 1797 1598 1836 cap.
1639 1787 1746 1824 VIII.
1776 1797 1814 1835 p.
1853 1798 1937 1835 159.
1966 1788 2162 1837 legendum
2189 1796 2364 1843 conjicit.

1334 1848 1403 1887 per
1425 1838 1560 1877 circum
1583 1836 1794 1885 intelligens
1820 1836 2120 1886 hippodromum.
2145 1854 2163 1880 e
2186 1856 2229 1884 uo
2253 1859 2362 1898 gyros

1335 1891 1530 1940 glomerare
1573 1888 1653 1926 aliis
1689 1887 1824 1926 dicitur
1868 1899 1904 1927 v,
1934 1891 2095 1940 Bentlej.
2138 1904 2159 1931 a
2218 1892 2358 1940 Manu,

1341 1942 1390 1979 V.
1426 1951 1515 1988 421.
1542 1940 1704 1978 revinxit
1736 1939 1832 1977 male
1861 1939 1899 1977 in
1929 1941 2182 1985 Menteliano.
2211 1945 2260 1985 de
2291 1948 2362 1988 hac

1337 1991 1532 2031 locutione
1583 1989 1670 2030 vide
1710 1989 1923 2030 Marklandi
1961 1995 2068 2034 notus
2109 1995 2155 2038 ad
2201 1998 2360 2044 Statium

1339 2055 1377 2094 P·
1406 2052 1498 2093 279·

1345 2198 1354 2207 ⁸
1397 2158 1460 2186 12.
1492 2147 1771 2206 Kirgineumque
1802 2158 1885 2206 cavo
1916 2150 2095 2200 praetegit
2123 2164 2202 2192 aere
2232 2153 2357 2207 caput]

1342 2206 1392 2238 ita
1410 2209 1458 2237 ex
1483 2197 1649 2244 Livinejr
1667 2196 1796 2234 codice
1814 2197 1930 2236 edidit
1946 2201 2215 2250 Broukhufius,
2241 2207 2354 2256 quum

1342 2251 1382 2288 in
1409 2247 1579 2288 omnibus
1602 2258 1710 2285 manu
1745 2249 1902 2286 exaratis
1933 2247 1967 2287 &
1993 2252 2132 2290 excufis
2155 2254 2258 2294 libris
2275 2259 2352 2305 pri-

1339 2301 1410 2341 mis
1440 2298 1525 2339 edd.
1546 2301 1701 2349 protegit
1729 2299 1937 2338 constanter
1956 2299 2119 2350 legatur,
2155 2304 2220 2344 nifi
2252 2307 2353 2355 quod

1333 2353 1512 2402 praetegic
1542 2351 1651 2388 etiam
1683 2348 1721 2386 in
1758 2349 1838 2387 solo
1872 2349 1975 2389 Voff.
2003 2362 2146 2400 quarto.
2181 2363 2351 2398 veterem

1336 2403 1545 2492 scripturzm
1578 2398 1838 2448 repudiandam
1868 2411 1946 2440 non
1986 2403 2158 2443 arbitror.
2193 2406 2356 2453 Ovidius

1335 2456 1388 2494 11.
1448 2480 1457 2490 .
1526 2457 1749 2497 .v.614.r
1832 2472 1835 2474 -
2369 2466 2373 2470 ·

1390 2525 1474 2578 Ipsa
1503 2528 1621 2566 Venus
1641 2530 1786 2575 pubem,
1813 2530 1947 2577 quoties
1965 2525 2136 2571 velamine
2155 2536 2278 2583 ponit,

1438 2576 1649 2629 Protegitur
1667 2580 1767 2617 laeva
1776 2578 2014 2630 semireduaa
2033 2594 2157 2623 manu.

1337 2669 1408 2707 pro
1431 2669 1508 2697 aere
1534 2657 1661 2696 nescio
1680 2656 1786 2716 ·unde
1808 2658 1845 2696 in
1871 2656 1930 2696 ed.
1955 2659 2163 2699 Dousarum
2189 2662 2354 2715 inrepse-
2379 2681 2382 2683 ’

1336 2709 1386 2748 rit
1413 2721 1490 2755 ore,
1515 2707 1581 2746 nifi
1611 2716 1688 2758 typ1
1713 2710 1845 2747 vitium
1870 2709 1926 2748 fit.
1951 2709 2049 2759 quod
2082 2713 2121 2750 in
2149 2714 2248 2752 nulla
2277 2718 2350 2756 alit

1337 2758 1570 2858 {Iblinth-ni.
1604 2770 1660 2797 oes
1702 2771 1773 2809 pro
1803 2759 1906 2810 galea
1935 2771 2071 2809 aerea,
2108 2763 2264 2819 ut'irifra
2288 2769 2351 2811 El.
2413 2783 2429 2795 s

1436 2839 1445 2848 .
1472 2822 1495 2850 2
1525 2838 1534 2848 .

1386 2877 1452 2917 Ille
1474 2877 1557 2915 licet
1564 2874 1665 2925 ferro
1685 2886 1813 2916 cautus
1834 2877 1871 2928 se
1885 2879 2017 2917 tondat
2035 2877 2086 2926 ὁ*
2107 2893 2205 2929 aere,
2384 2909 2388 2920 ἶ

1441 2927 1545 2967 Mors
1559 2935 1674 2966 tamen
1697 2930 1870 2980 inclusum
1891 2930 2063 2979 protrahit
2081 2933 2162 2973 inde
2180 2941 2300 2984 caput.
2376 2962 2381 2973 -,

1340 3008 1456 3051 ovid.
1477 3010 1587 3048 Vlll.
1616 3009 1716 3047 Met.
1745 3021 1804 3057 32.

1395 3078 1485 3120 Cum
1504 3088 1582 3118 vero
1590 3074 1729 3129 faciem
1758 3079 1869 3119 demto
1891 3059 2087 3122 nudaverat
2106 3076 2222 3124 aeres
2247 3087 2273 3124 Ἀ
2301 3137 2339 3177 E

2213 3143 2274 3183 13·
2336 3144 2353 3178 ε
