2514 3626
267 280 381 349 778

485 259 720 327 SEX.
798 244 2150 316 AV.REL11PROPERT11

530 402 543 416 ·
575 391 794 465 Ipsaque
835 389 895 439 -in
941 374 1220 437 Oceanum
1263 379 1429 434 fidera
1468 375 1607 448 lapsa
1647 367 1862 430 cadunt.

487 469 756 540 *Experiar
799 462 1074 515 somnum:
1113 455 1185 530 de
1228 467 1281 508 te
1320 455 1453 524 mihi
1498 450 1702 506 somnia
1747 447 2023 518 quaeram:

591 545 694 598 Fae
733 537 917 592 venias
957 531 1128 585 oculis
1170 530 1359 582 umbra
1394 530 1627 599 benigna
1667 528 1818 580 meis.

367 626 459 693 65.
505 620 664 675 Dixit
704 614 755 667 δε
799 613 1006 663 incerto
1039 604 1283 676 permisit
1321 603 1537 656 brachia
1576 602 1764 656 somno
1791 638 1808 664 ‚

573 690 775 762 Nescia
810 684 862 745 se
901 682 1056 742 furiis
1099 676 1396 753 accubuiss'e
1438 676 1617 733 novis.

283 927 336 967 de
366 925 414 965 de
445 924 489 963 iis
519 926 672 971 egerunt
704 914 891 959 stewech.
914 912 963 951 ad
984 912 1120 961 Veget.
1144 922 1181 963 p.
1213 918 1300 954 179·

290 984 375 1020 180.
404 975 557 1016 Delrius
580 972 624 1010 ad
648 971 781 1011 Senec.
815 969 927 1014 Trag.
953 975 1034 1014 pag.
1056 967 1146 1010 456.
1173 960 1303 999 Bosius

284 1030 332 1069 ad
361 1031 461 1078 Nep.
490 1027 598 1065 Eum.
627 1034 708 1070 cap.
745 1033 783 1069 9.
823 1017 993 1057 Schelius
1023 1013 1067 1051 ad
1098 1013 1229 1062 Polyb.
1251 1009 1305 1061 kde

286 1081 424 1121 Castris
450 1089 486 1126 p.
511 1079 633 1115 188—
647 1084 731 1119 190.
752 1071 785 1110 ἃ
801 1067 1031 1120 DausqueJus
1050 1075 1092 1102 ac
1110 1062 1304 1102 Drakenb.

286 1133 334 1172 ad
356 1131 487 1171 Silium
506 1126 587 1166 Ital.
615 1126 684 1163 lv.
714 1129 776 1168 89.

339 1207 403 1242 62-
436 1195 580 1248 Ipsaque
614 1197 653 1232 in
687 1193 866 1231 Oceanum
887 1186 1008 1238 fidem
1036 1185 1131 1237 lapsa
1157 1179 1308 1232 cadunt]

280 1252 466 1303 'Spissaque
482 1251 520 1286 in
546 1246 727 1284 Oceanum
748 1240 919 1282 Heinfius
939 1240 983 1277 ad
1004 1250 1114 1287 marg.
1136 1236 1197 1274 ed.
1219 1233 1307 1273 And.

276 1303 397 1356 fidere
418 1297 511 1350 lapsa
526 1300 564 1335 'in
587 1297 773 1344 Groniug.
794 1292 938 1332 duobus
960 1288 1091 1330 Leidd.
1123 1286 1221 1326 Voss.
1243 1286 1308 1323 tri-

287 1359 379 1399 bus,
402 1359 561 1398 utroque
585 1347 776 1387 D‘Orvill.
801 1345 836 1384 &
859 1344 972 1389 meis,
997 1338 1128 1391 quib'us
1154 1336 1311 1377 consen-

286 1409 384 1447 tiunt
406 1402 537 1450 reliqui
565 1398 735 1443 codices,
763 1397 952 1434 &omnes
984 1391 1066 1431 fere
1086 1388 1177 1428 edd.
1203 1396 1306 1425 vetu-

286 1459 374 1499 stae.
407 1452 495 1492 vide
521 1451 725 1489 Valentem
745 1445 935 1486 Guellium
967 1442 1012 1480 ad
1030 1440 1131 1481 illud
1158 1436 1309 1487 Virgilii

287 1510 341 1548 11.
371 1508 469 1545 Aen.
497 1512 534 1547 9.
549 1499 768 1551 suadentque
793 1496 955 1534 cadentia
967 1492 1086 1543 sidera
1095 1491 1245 1543 somnos.
1274 1487 1309 1526 &

289 1555 424 1600 Heins.
445 1550 494 1592 ad
524 1548 640 1589 Ovid.
674 1550 726 1587 11.
752 1546 846 1586 Fast.
877 1549 966 1590 635.
993 1543 1028 1582 δι
1058 1543 1151 1580 hanc
1183 1540 1310 1577 lectio-

287 1618 376 1648 nem
397 1604 492 1654 aptis
517 1610 685 1639 veterum
707 1598 798 1635 locis
830 1595 1004 1635 stabilivit
1031 1589 1310 1634 Broukhusius,

293 1657 397 1698 fimul
426 1662 548 1693 tamen
580 1649 718 1688 codicis
743 1644 976 1686 Borrichiani
1007 1644 1241 1691 scripturam,
1270 1640 1309 1676 in

286 1721 364 1760 quo
382 1704 472 1756 luffa
496 1701 648 1750 legitur,
676 1700 727 1743 ira
746 1695 962 1734 confirmans
979 1723 990 1739 .
1018 1701 1059 1732 ut
1077 1694 1114 1741 in
1134 1691 1233 1730 illam
1253 1689 1310 1726 in-

290 1757 438 1799 clinaffe
458 1753 636 1793 videatur.
665 1748 726 1787 sed
755 1747 909 1794 alterum
930 1742 1132 1782 vindicavit
1156 1742 1312 1780 Patruus

291 1819 396 1852 meus
414 1804 459 1844 ad
480 1802 596 1843 Ovid.
618 1801 669 1841 11.
692 1799 805 1838 Trist.
831 1802 892 1844 85.
919 1804 1072 1845 utraque
1092 1803 1170 1831 vox
1181 1789 1313 1841 ‚paffini

289 1864 330 1902 in
367 1856 475 1897 codd.
516 1852 635 1894 MSS.
674 1849 926 1901 permiscetur.
963 1847 1050 1886 laxa
1087 1846 1126 1884 in
1159 1843 1312 1882 AskeW.

286 1921 396 1964 prona
405 1907 526 1959 fidem
547 1910 655 1943 vocat
676 1902 798 1941 noster
821 1901 906 1939 Lib.
926 1900 957 1938 Ι.
985 1897 1045 1937 El.
1070 1900 1131 1936 16,
1161 1904 1223 1941 23·
1251 1891 1316 1931 ubi

291 1963 374 2005 aiiis
393 1962 499 2010 plena
516 1955 694 2008 placebat.
720 1950 820 2004 quod
845 1952 944 1991 reae
961 1946 1175 1999 inprobavit
1191 1946 1317 1984 Mark-

295 2012 426 2055 landus
459 2007 504 2047 ad
538 2006 648 2046 Statii
682 2004 802 2044 Silvas
830 2014 911 2053 pag.
951 2011 1041 2049 234.
1083 2000 1118 2040 ἃ
1148 1996 1318 2048 pluribus

295 2066 376 2108 illic
400 2063 439 2101 in
460 2059 559 2099 notis
575 2055 696 2105 sidera
716 2062 825 2103 prona
849 2051 1046 2094 vindicavi.
1076 2051 1199 2089 locum
1220 2048 1319 2087 hum:

295 2117 457 2160 imitatus
475 2110 530 2153 est
551 2106 744 2149 Lotichius
766 2105 854 2145 Lib.
873 2107 926 2146 ll.
951 2104 1009 2143 El.
1032 2105 1067 2143 8.
1093 2112 1157 2150 74.

348 2179 416 2220 Da
432 2175 523 2215 mihi
545 2176 651 2219 vina,
678 2180 786 2221 piaer,
807 2172 908 2210 lenes
918 2169 1099 2221 facientia
1109 2166 1270 2219 somnos,

302 2233 308 2237 '
399 2228 524 2270 Donec
539 2228 580 2267 in
602 2225 782 2266 Oceanum
789 2220 909 2275 fidem
935 2229 1043 2271 prona
1060 2221 1201 2260 cadant,

294 2298 364 2348 'ubi
387 2300 477 2342 vide
495 2307 590 2352 quae
611 2296 650 2334 in
670 2290 862 2335 Addendis
878 2297 1005 2330 notata
1027 2289 1109 2328 sunt
1126 2300 1209 2339 pag.
1234 2290 1325 2330 680.

340 2413 403 2457 63.
421 2402 602 2448 Experiar
608 2397 771 2451 somnum
781 2408 791 2436 ε
802 2394 843 2434 de
855 2401 889 2432 te
904 2392 996 2432 onim
998 2391 1138 2445 somnia
1147 2395 1325 2441 quaeram.-

466 2454 538 2494 Fac
555 2453 678 2491 venias
694 2449 805 2488 oculis
822 2446 945 2485 umbra
967 2446 1121 2494 benigna
1138 2439 1243 2491 meis]

307 2525 417 2565 oculis
454 2521 575 2560 venias
611 2520 666 2558 in.
687 2514 838 2556 D’Orv.
879 2523 935 2562 pr.
965 2510 1001 2549 δι
1037 2521 1124 2548 ineo
1151 2507 1325 2548 secundo.

307 2577 498 2672 {greg-erg·
519 2570 665 2672 {grum
701 2564 876 2617 expreffit
900 2561 1093 2603 Lotichius
1129 2561 1215 2600 Lib.
1252 2561 1324 2599 111.

361 2683 419 2724 Tu
437 2696 565 2734 quoque
584 2682 621 2734 fi
641 2690 796 2723 veterum
829 2689 957 2719 memor
973 2674 1024 2728 est
1054 2673 1103 2724 ἐξ
1118 2678 1244 2726 pulvis
1265 2689 1304 2716 a·

547 2747 681 2774 morum

413 2784 589 2823 Occurras
607 2764 719 2825 oculi]¹
735 2783 840 2838 saepe
864 2781 1015 2843 videnda
1037 2781 1136 2821 meis.

307 2853 395 2896 vide
412 2851 490 2892 ili-ic
512 2860 678 2892 notarum
702 2854 884 2894 Addenda
906 2865 987 2906 pag.
1005 2857 1097 2902 684.

501 2973 570 2985 —-
593 2950 642 3000 ἐξ
658 2956 786 2994 incerto
805 2955 959 3006 permisit
979 2955 1123 2996 brachia
1132 2935 1280 3006 :samum

307 3012 312 3015 “
356 2962 422 3006 ‘⁶⁵⁰
456 3003 590 3057 Nescia
601 3005 642 3055 se
656 3003 777 3055 furiis
802 3008 1003 3060 accubuzffe
1023 3005 1158 3057 novin]

2226 747 2373 803 Nam

1354 906 1462 947 Statii
1481 905 1601 946 Silvas
1619 906 1659 944 in
1683 901 1799 954 praef.
1824 913 1905 951 pag.
1930 913 1989 942 10.
2015 900 2144 938 incerto
2159 896 2279 948 fhmrio
2307 906 2372 933 cur

1354 958 1472 1002 dicat,
1499 959 1595 995 ratio
1625 956 1702 1005 peti
1730 954 1851 1004 potest
1875 964 1925 991 ex
1956 953 2054 990 notis
2084 947 2304 989 Broukhiifii
2329 944 2375 984 ad

1355 1008 1448 1049 illud
1471 1008 1617 1046 Tibulli
1636 1008 1724 1047 Lib.
1745 1007 1797 1044 11.
1822 1004 1881 1042 El.
1910 1017 1941 1042 1.
1964 1015 2025 1050 90.

1412 1074 1562 1125 Postque
1581 1076 1678 1111 venit
1697 1075 1829 1110 tacitus
1841 1070 1894 1120 fu
1911 1074 1963 1109 cis
1979 1071 2216 1109 circumdatur
2241 1071 2314 1107 alis

1463 1126 1630 1176 Somnus,
1659 1120 1710 1167 &³
1726 1124 1857 1158 incerto
1889 1122 2002 1157 omnia
2019 1132 2103 1156 vara
2117 1121 2218 1166 pede.

1361 1196 1425 1237 ubi
1440 1192 1568 1254 [urvis
1590 1193 1659 1231 alis
1686 1191 1719 1229 ἀ
1736 1191 1875 1243 somnia
1906 1195 2011 1244 pigra
2035 1194 2179 1242 legebat
2205 1194 2380 1234 Heinfius

1361 1248 1407 1287 ad
1435 1248 1565 1286 Silium
1592 1243 1674 1284 Ital.
1700 1244 1769 1283 ΠΙ.
1801 1249 1891 1285 682.
1921 1244 1955 1283 ἃ
1978 1244 2023 1282 ad
2046 1245 2310 1285 Claudian.11.
2341 1248 2378 1285 in

1357 1298 1483 1339 Rufin.
1517 1307 1604 1344 325.
1639 1295 1759 1333 altero
1793 1295 1901 1334 versu
1932 1307 1981 1335 ex
2015 1295 2181 1336 editione
2206 1298 2381 1345 scaligeri

1355 1348 1605 1390 Broukhusius
1629 1345 1733 1384 dedit
1760 1345 1890 1397 Nescia
1913 1345 2090 1398 nefariis
2108 1347 2244 1398 duplici
2271 1359 2380 1398 nega-

1357 1404 1463 1441 tione
1479 1429 1489 1446 ,
1515 1409 1585 1457 pro
1597 1396 1638 1449 se
1664 1397 1794 1444 furiis.
1824 1397 2023 1447 depravata
2048 1398 2157 1438 codd.
2186 1390 2307 1440 MSSJ
2338 1399 2375 1439 &

1359 1460 1528 1508 veter-um
1563 1447 1805 1506 inpressorum
1832 1450 1940 1487 lectio
1971 1451 2025 1489 est
2052 1445 2224 1501 nefariis'⁹
2259 1460 2302 1491 ut
2339 1453 2379 1490 in

1360 1504 1512 1548 Regiis,
1548 1498 1812 1556 Qolbertino3³
1836 1501 2020 1547 Groning.
2049 1501 2201 1540 Askeiv.
2235 1501 2383 1541 duobus

1363 1549 1500 1592 Leidd.
1533 1548 1651 1587 tribus
1686 1547 1788 1585 Voss.
1827 1548 1861 1584 ἃ
1895 1557 2053 1597 utroque
2090 1552 2281 1590 D'Orvill.
2318 1552 2383 1590 vel

1362 1602 1568 1660 ηερὴανίἰς,
1608 1606 1649 1656 ut
1684 1598 1722 1635 in
1724 1598 1934 1647 fBorricb.
1964 1599 1999 1637 dt
2030 1611 2116 1638 meo
2151 1602 2301 1650 primo,
2338 1612 2382 1640 ac

1364 1652 1491 1702 priscis
1514 1648 1599 1688 edd.
1628 1647 1666 1685 id
1690 1657 1815 1686 tamen
1830 1650 1928 1687 “vir-is
1952 1649 2069 1688 dofris
2095 1652 2271 1700 inposuit.
2294 1663 2380 1691 nam

1363 1703 1412 1741 fic
1446 1703 1567 1740 locum
1587 1727 1597 1744 ,
1630 1706 1811 1747 tamquam
1849 1699 1932 1739 sana
1967 1700 2077 1738 lectio
2109 1701 2384 1747 effet‚-adfert

1363 1753 1555 1792 Pincierus
1576 1749 1662 1787 Lib.
1690 1751 1760 1788 IV.
1782 1749 1908 1799 Parag.
1932 1760 2011 1798 cap.
2039 1760 2101 1797 24.
2128 1750 2164 1789 &
2186 1751 2284 1802 quod
2307 1763 2382 1791 ma.

1363 1805 1423 1852 ius
1446 1802 1500 1843 est
1532 1799 1618 1839 inde
1645 1799 1820 1850 decc-ptus
1844 1799 2047 1840 Beroaldus
2068 1812 2201 1851 magno
2219 1801 2302 1843 satis
2327 1813 2387 1844 et.

1365 1865 1455 1894 rore
1479 1852 1643 1891 adfirmat
1664 1850 1805 1903 nefaria
1822 1852 1988 1891 absolute
2012 1851 2086 1891 dici
2112 1864 2184 1904 pro
2205 1852 2353 1904 flagitiis
2367 1884 2384 1904 ,
2463 1862 2480 1867 “

1368 1907 1475 1965 sacra·
1488 1903 1752 1954 polluentibus.
1779 1902 1841 1941 sed
1864 1905 2098 1952 Propertium
2123 1904 2262 1953 duplici
2287 1907 2386 1947 vitio

1368 1965 1525 1998 metrico
1550 1956 1677 2001 obruit
1711 1964 1783 1995 una
1806 1956 1844 1993 in
1873 1966 1981 1995 voce.
2015 1955 2115 1995 unde
2147 1957 2212 1996 alii
2238 1968 2287 1997 ex
2316 1957 2385 1998 hac

1367 2015 1543 2068 corrupta
1575 2006 1737 2045 lectione
1771 2015 1947 2055 putarunt
1977 2008 2130 2058 primam
2155 2009 2195 2047 in
2222 2007 2387 2060 nefarius

1368 2059 1526 2113 produci
1547 2057 1672 2109 poss'e,
1700 2068 1794 2108 quae
1820 2059 1945 2097 brevis
1973 2059 2045 2106 est,
2074 2059 2230 2100 secunda
2252 2062 2387 2111 longa,

1286 2150 1288 2152 ,
1369 2111 1536 2153 Horatio
1561 2109 1721 2157 aliisque.
1750 2106 1962 2159 utop’time
1994 2114 2139 2156 monuit
2166 2112 2201 2162 J.
2228 2113 2281 2151 Ba
2309 2113 2393 2152 tista

1372 2163 1464 2204 Pius
1489 2162 1527 2199 in
1546 2161 1663 2200 Anot.
1682 2159 1781 2198 Post.
1804 2164 1884 2210 cap.
1908 2161 2035 2200 XXV.
2056 2173 2137 2210 pag.
2161 2172 2253 2210 423.
2306 2175 2386 2205 om.

1377 2217 1411 2255 L
1435 2215 1521 2254 Fac.
1546 2212 1643 2250 Crit.
1671 2212 1824 2253 Gruter.
1852 2210 1888 2248 &
1915 2210 2002 2250 vide
2032 2208 2198 2251 Voffium
2228 2214 2314 2254 Lib.
2333 2218 2390 2258 Η.

1377 2265 1427 2306 de
1454 2264 1538 2324 νᾼῐῑτ.
1559 2262 1722 2322 Gramm.
1751 2272 1830 2312 cap.
1857 2273 1918 2301 20.
1945 2261 2045 2310 quod
2070 2261 2211 2312 insigne
2238 2267 2395 2313 praebet

1377 2318 1584 2376 specimen,
1610 2323 1650 2351 in
1667 2322 1764 2361 quos
1797 2311 1965 2359 scopulos
1986 2324 2035 2352 ex
2057 2314 2197 2353 vitiosis
2215 2315 2393 2356 editioni.

1378 2369 1447 2407 bus
1470 2374 1663 2415 inpingere
1678 2361 1814 2412 poffint
1836 2363 1904 2401 viri
1924 2363 2078 2410 eruditi,
2105 2364 2194 2405 licet
2215 2366 2274 2405 sua
2290 2376 2388 2408 aeta-

1374 2427 1417 2459 te
1441 2417 1613 2461 maximi,
1647 2423 1743 2461 quae
1770 2421 1874 2452 certe
1901 2413 1979 2452 laus
2006 2414 2195 2454 Beroaldo
2226 2416 2383 2461 debetur

1374 2480 1501 2509 veram
1522 2466 1720 2505 lectionem
1740 2463 1815 2503 esse
1839 2462 1973 2516 Nefiria
1983 2466 2024 2517 Je
2033 2465 2196 2515 flammis
2211 2450 2397 2512 accubitis:

1372 2520 1410 2575 se
1447 2519 1566 2564 novis,
1593 2513 1788 2576 contendit
1819 2515 1957 2554 ibidem
1985 2517 2146 2566 Baptista
2183 2518 2289 2567 Pius,
2316 2522 2396 2562 sen·
2423 2522 2442 2534 “

1379 2574 1530 2618 sumque
1558 2569 1632 2606 loci
1658 2566 1769 2605 bene'
1788 2566 1990 2617 exposuit,
2027 2569 2226 2618 'tarpeiam
2255 2581 2393 2622 nempe

1378 2622 1589 2667 vestalem,
1613 2618 1755 2656 aeterni
1791 2619 1883 2666 ignis
1915 2618 2129 2667 custodem,
2158 2630 2257 2660 nuuc
2291 2627 2396 2664 novis

1369 2673 1554 2725 flammis,
1589 2679 1717 2707 amore
1750 2669 1855 2708 Tatii
1883 2669 2074 2710 ardentem
2094 2700 2104 2716 ,
2142 2673 2296 2722 agitari,
2333 2674 2396 2715 sed

1379 2725 1537 2766 nesciam
1559 2721 1596 2760 se
1620 2720 1798 2759 accubare
1819 2721 1959 2761 duabus
1981 2721 2154 2769 flammis,
2180 2725 2274 2772 ignis
2292 2737 2396 2766 nem-

1380 2787 1430 2829 pe
1450 2772 1608 2815 Vestalis
1640 2770 1674 2809 &
1699 2771 1827 2811 incesti
1847 2770 1996 2812 amoris.
2022 2773 2057 2812 &
2087 2775 2178 2813 haec
2203 2775 2313 2816 lectio
2333 2778 2396 2817 fir·

1379 2835 1498 2868 matur
1516 2837 1537 2864 a
1550 2821 1766 2868 colotiano,
1775 2835 1882 2873 quam
1895 2834 1942 2862 ex
1955 2825 2114 2864 Pontani
2130 2824 2262 2866 codice
2281 2829 2394 2868 etiam

1380 2876 1617 2928 adscripscrat
1642 2874 1829 2921 Petreius,
1854 2873 1890 2912 δι
1912 2874 1961 2913 fic
1987 2874 2124 2915 editum
2148 2875 2217 2916 fuit
2237 2889 2258 2916 a
2277 2879 2395 2920 Pass'e·

1382 2931 1557 2976 ratio‚ut
1578 2922 1698 2963 adfert
1721 2926 1832 2965 etiam
1852 2923 1898 2964 ad
1932 2926 2017 2965 Lib.
2043 2929 2074 2967 Ι.
2099 2927 2160 2966 El.
2187 2940 2222 2977 3.
2242 2941 2279 2980 p.
2309 2943 2396 2980 151.

1382 2981 1445 3021 sed
1468 2981 1507 3018 in
1525 2976 1623 3037 notis
1645 2974 1691 3036 acl
1712 2976 1750 3015 h.
1772 2976 1797 3015 l.
1815 2975 1980 3026 praefert
1994 2976 2038 3029 se
2051 2976 2173 3026 furiis
2194 2978 2395 3032 accubuiffe
2456 2988 2460 2991 ’

1384 3033 1421 3072 &
1448 3031 1497 3070 fic
1524 3030 1729 3074 LivineJuS.
1753 3028 1808 3067 N.
1830 3027 2004 3067 Heinsius
2031 3029 2076 3067 ad
2111 3031 2309 3080 marginem
2335 3030 2398 3072 ed.

303 3075 685 3191 μ
708 3094 992 3185 s
1021 3131 1337 3178 M...
1373 3082 1480 3191 siz.
1497 3077 2176 3182 Η...]
2200 3084 2312 3122 “m
2340 3094 2397 3122 ⁹·-

2216 3189 2279 3232 67.
2307 3183 2408 3227 Nan
