2586 3658
327 314 1270 402 „2cy-NT111A.

1419 315 1472 378 L
1511 339 1533 379 1
1572 341 1622 380 n.
1697 330 1773 385 1.—
2117 343 2233 402 157

438 451 590 529 Quid
616 449 889 522 mihitam
917 446 1065 502 duris
1092 445 1265 502 clausa
1296 433 1437 506 taces
1464 447 1673 508 foribus
1689 454 1719 508 2
1792 485 1794 487 ·

360 529 480 587 Cur
498 540 789 596 numquam
815 521 1051 581 reserata
1067 539 1216 578 meos
1245 524 1483 581 admittis
1512 544 1716 585 amores
1734 566 1753 595 ,

154 635 157 639 v
223 618 313 672 20·

417 602 628 659 -Nescia
653 599 882 654 furtivas
911 597 1130 653 reddere
1159 611 1304 654 mota
1331 619 1515 672 preces
1532 605 1559 658 2

357 673 599 734 Nullane
629 673 750 728 finis
779 675 882 729 erit
909 672 1091 728 nostro
1119 674 1360 730 concefl'a
1387 677 1608 733 dolori?

430 749 620 806 Tristis
650 748 703 804 &
729 750 787 804 in
817 747 1002 819 tepido
1034 749 1221 803 limine
1249 748 1465 806 somnus
1495 755 1598 806 erit
1615 744 1657 808 ‘3

124 885 178 900 ...Α
206 892 214 897 ⁷

123 944 161 966 ,2
253 905 266 910 “
383 948 395 961 .
426 899 746 973 Frigidaque
787 897 910 954 Eoo
939 914 1026 987 me
1059 897 1211 955 dolet
1239 915 1363 956 aura
1394 904 1537 976 gelu.

200 867 205 874 .
332 825 453 893 *Me
481 825 688 880 mediae
721 822 910 878 noctes
931 860 950 888 ‚
994 839 1080 878 me
1109 822 1276 877 fidera
1303 842 1474 896 prona
1499 827 1767 896 jacentem
1786 866 1804 894 ‚

2012 996 2102 1051 25.
2143 956 2231 1039 Tu

136 1122 344 1179 turdonge
367 1126 475 1168 aliter
497 1132 603 1178 quam
629 1122 668 1163 in
688 1122 873 1170 editis‚nt
895 1123 930 1165 ἂ
954 1116 1153 1176 sequentia.
1203 1128 1321 1170 ovid.
1345 1130 1375 1171 1.
1402 1129 1489 1171 Am.
1518 1130 1579 1172 El.
1608 1136 1644 1173 6.
1675 1141 1735 1180 73.

120 1179 205 1229 Je.¹
220 1178 310 1218 Ant.
333 1179 564 1229 Campanus.
590 1176 706 1226 poeta
742 1177 920 1223 festivus,
947 1177 1154 1229 Episcopus

127 1227 312 1278 quondam
333 1230 558 1280 Aprutium,
588 1228 672 1266 Lib.
690 1230 760 1267 111.
786 1229 912 1269 Carm.
939 1229 999 1267 21'.

183 1295 308 1335 Saevis
326 1296 498 1334 horridior
509 1295 628 1345 janua
648 1295 826 1344 tigribus,

187 1347 293 1402 Quas
308 1354 464 1397 urguent
485 1345 621 1394 rapidis
637 1351 702 1394 per
711 1344 810 1394 Juga
826 1345 998 1383 montium

181 1395 345 1446 Pallam·
369 1399 534 1442 canibus,
559 1407 622 1434 nec
639 1393 730 1434 mihi
740 1394 913 1444 flelleris.
930 1395 968 1434 &
985 1394 1082 1445 seqq.

187 1448 262 1488 Cur
276 1459 350 1495 me,
375 1444 538 1496 difficilis
547 1447 684 1496 senaa,
706 1446 868 1494 prohibes

183 1500 249 1540 Ad
264 1499 385 1539 dulces
399 1499 555 1538 dominae
618 1493 750 1546 ofiliam
757 1493 882 1546 finus,

179 1551 233 1590 Ee
248 1550 383 1594 mellita
395 1549 503 1600 genis
517 1549 562 1585 ba
592 1558 614 1583 a
633 1542 827 1594 conferant,

171 1602 320 1651 -9uales
342 1599 518 1637 Chaoniae
538 1596 732 1645 corripiunt
751 1607 857 1643 ares,

178 1648 286 1701 Celfis
307 1648 393 1689 dum
412 1649 599 1702 geminant
622 1659 804 1687 murmura
823 1646 999 1688 turribus.

135 1773 141 1775 ν
178 1761 241 1792 20.
270 1750 404 1803 Nefitia
411 1746 582 1801 furtivas
598 1748 740 1789 reddere
755 1758 846 1790 mota
862 1747 997 1799 preces]
1004 1748 1155 1800 furtiva

124 1804 242 1843 cedere
274 1811 367 1842 mota
422 1814 496 1841 rece
532 1799 720 1840 Heinfius.
755 1809 797 1841 ut
825 1799 922 1850 apud
961 1801 1083 1840 Cicer.
1111 1799 1158 1838 acl

126 1856 282 1895 Brutum
310 1854 381 1902 Epi
416 1881 426 1891 .
457 1852 546 1898 ΧΠ.
575 1851 670 1890 nihil
703 1853 777 1890 tuli
791 1853 945 1904 gravius
980 1863 1084 1900 qnam
1103 1862 1157 1888 me

127 1918 197 1945 non
221 1902 316 1954 poffe
340 1903 466 1941 matris
481 1909 565 1939 tuae
589 1903 752 1950 precibus
776 1903 905 1941 cedere.
931 1900 993 1940 sed
1018 1900 1158 1939 reddere

130 1963 248 2005 preces
276 1952 473 1991 commode
501 1952 680 2001 explioeri
709 1953 832 2003 potest
851 1980 862 1996 ,
897 1950 943 2003 ad
969 1951 1157 1990 dominam

127 2014 226 2045 tuam
246 2014 373 2053 preces
400 2013 500 2043 meas
521 2001 691 2047 deferre,
717 2001 752 2041 ἅ
775 2001 933 2041 cardinis
955 2011 1059 2042 motu
1076 2001 1158 2041 effi·

132 2067 241 2101 cere,
270 2063 311 2094 ut
327 2066 390 2094 eas
411 2053 545 2094 audiat.
566 2062 608 2094 ut
633 2052 727 2092 infra
746 2064 783 2093 v.
806 2065 869 2103 27.

189 2124 227 2164 Ο
247 2127 385 2164 utinam
401 2115 558 2172 ‘traieffa
577 2134 663 2161 cava
682 2134 759 2161 mea
776 2122 897 2161 vocula
920 2121 1012 2160 rima

235 2173 426 2227 Percuffas
442 2173 598 2213 dominae
613 2179 730 2212 vertat
752 2175 792 2212 in
809 2173 1003 2211 auriculas.

133 2244 275 2287 reddere
310 2244 410 2283 enim
429 2249 551 2291 preces
573 2239 635 2279 hic
664 2250 715 2279 eo
748 2242 872 2288 sensu,
899 2251 975 2291 quo
1010 2239 1163 2281 Servius

134 2297 184 2337 ad
211 2296 317 2345 virg.
340 2296 413 2335 ΙΙΙ.
433 2293 535 2333 Aen.
561 2303 627 2340 40.
662 2291 764 2332 reddi
786 2295 945 2343 exponit
965 2292 1045 2339 illa,
1071 2301 1165 2344 quae

133 2360 202 2400 per
241 2347 401 2387 alterum
429 2343 646 2384 deferuntur
661 2371 672 2389 ,
706 2351 749 2383 ut
777 2354 872 2395 quae
892 2343 1001 2382 nobis
1026 2342 1167 2381 credita

134 2402 240 2445 sunt,
263 2397 403 2437 reddere
439 2395 606 2436 dicimur.
634 2393 710 2434 vid.
746 2395 918 2435 Lambin.
951 2395 996 2434 ad
1026 2395 1162 2435 Horat.

133 2451 222 2492 Lib.
254 2452 285 2490 1.
318 2447 380 2488 od.
407 2458 444 2496 3.
475 2457 510 2497 7.
538 2445 605 2484 nili
627 2446 758 2485 melius
784 2446 829 2486 fit
848 2454 967 2495 preces
999 2445 1162 2489 reddere,

137 2513 210 2552 pro
226 2501 422 2549 excipere,
450 2505 623 2547 exceptas
648 2497 800 2544 audire,
828 2507 951 2548 neque
969 2497 1089 2536 irritas
1114 2497 1165 2536 sa-

139 2561 250 2596 cere,
276 2549 338 2590 sed
364 2548 461 2599 apud
495 2547 681 2587 dominam
716 2559 787 2598 pro
819 2558 880 2588 me
901 2545 1160 2593 intercedere.

137 2601 172 2640 &
191 2601 239 2639 fic
255 2611 384 2650 preces
411 2610 512 2639 meas
546 2598 636 2637 mihi
656 2598 834 2646 reddere,
859 2606 901 2638 ut
922 2599 1046 2650 pamm
1068 2611 1176 2638 voces>

136 2651 278 2691 reddere
296 2650 428 2690 dieitur
450 2650 666 2690 resonabilis
694 2650 810 2690 Echo.
837 2648 872 2688 &
890 2651 1031 2689 reddere
1050 2654 1165 2688 vicem

134 2702 183 2742 de
208 2702 337 2740 mutu'o
359 2701 558 2740 amicorum
578 2701 729 2740 auxilio.
755 2709 855 2740 notas
871 2703 995 2740 audire
1014 2698 1070 2748 δ’
1089 2714 1114 2739 r.
1128 2702 1165 2739 d·

134 2756 215 2794 dere
236 2762 332 2790 voces
348 2750 510 2801 Virgilio
531 2752 618 2790 Lib.
638 2754 669 2790 1.
692 2751 789 2791 Aen.
808 2762 899 2800 413.
918 2751 955 2792 ἀ
976 2753 1045 2792 Vl.
1074 2756 1163 2798 689.

137 2804 201 2844 fed
223 2803 341 2854 prima
364 2800 565 2850 explicatio
585 2801 734 2842 videtur
757 2803 896 2843 verior.

161 2898 164 2900 ‡
193 2889 256 2918 22.
292 2870 423 2925 Tristis
458 2870 507 2919 δ’
543 2875 583 2912 in
610 2874 725 2922 tepido
754 2877 877 2915 limine
905 2873 1052 2925 fhmnus
1079 2874 1164 2926 erit]

140 2929 271 2973 Turpis
300 2928 337 2964 in
366 2925 488 2973 primo
524 2922 693 2964 Leidenli
711 2954 722 2968 .
744 2927 1015 2972 -Borrichian0.·
1043 2926 1160 2965 tribus

132 2979 238 3019 Voss.
291 2975 519 3016 colbertinis
539 3004 549 3020 ,
587 2972 738 3025 ,du-obus
783 2978 956 3017 D’orvill.
996 2977 1028 3016 ἃ
1059 2978 1165 3016 meis.

137 3029 198 3069 fed
232 3026 361 3078 Tristis
381 3029 418 3065 in
448 3027 570 3076 primo
587 3023 622 3063 &
647 3025 807 3080 secundo
830 3031 1036 3074 Vaticano,
1067 3030 1165 3067 Gro-

130 3083 311 3131 murgam,
346 3078 381 3116 ἃ
413 3079 538 3127 primis
561 3074 644 3114 edd.
666 3079 736 3124 'pro
760 3081 872 3128 tepido
901 3081 1026 3119 limine
1044 3080 1163 3118 Hein-

127 3131 198 3176 ὼε
238 3131 448 3180 conjecerat
490 3125 619 3179 Tristis
651 3139 698 3168 an
737 3130 777 3170 in
815 3133 945 3183 rigido.
985 3141 1026 3172 ut
1065 3128 1162 3180 apud

1261 1204 1332 1244 Vos
1352 1215 1483 1254 quoque
1498 1204 1655 1244 crudeles
1672 1202 1791 1256 rigido
1814 1213 1895 1242 cum
1913 1201 2037 1242 limine
2056 1198 2180 1254 postes.

1208 1275 1244 1314 ἀ
1267 1277 1307 1314 in
1324 1273 1485 1315 Remed.
1504 1276 1592 1314 Am.
1615 1286 1677 1323 25.

1259 1344 1312 1384 Et
1330 1343 1427 1383 modo
1445 1343 1637 1382 blanditias
1652 1372 1662 1388 ,
1689 1343 1807 1393 rigido
1825 1343 1921 1381 mode
1940 1340 2075 1394 jurgia
2096 1338 2187 1392 posti

1309 1395 1443 1440 Dicat,
1471 1392 1521 1440 ὅ)
1544 1392 1709 1446 exclusus
1717 1392 1844 1443 flebile
1862 1401 1981 1432 cantat
2004 1406 2136 1434 amans.

1208 1456 1245 1495 id
1264 1466 1371 1497 certe
1390 1458 1452 1496 hic
1472 1461 1758 1500 convenientius
1784 1462 1860 1502 effe
1882 1462 2077 1512 epitheton
2089 1492 2100 1509 ,
2126 1473 2233 1511 quam

1205 1507 1342 1555 tepido,
1355 1518 1425 1557 pro
1442 1520 1518 1553 quo
1535 1511 1644 1548 etiam
1663 1512 1783 1561 gelido
1802 1515 1935 1560 reponi
1948 1512 2238 1561 poffet‚docent

1207 1558 1415 1607 sequentia,
1431 1558 1651 1609 Frigidaque
1677 1560 1745 1598 Εοο
1762 1573 1816 1600 me
1835 1562 1926 1599 dolet
1944 1575 2032 1601 aura
2045 1565 2145 1612 gelu.
2163 1564 2233 1601 du·-

1207 1611 1426 1712 gghitgimen
1456 1619 1567 1651 vocat
1601 1610 1718 1653 Ovid.
1757 1611 1916 1652 Remed.
1952 1617 2038 1660 508.
2065 1614 2151 1652 loco
2177 1611 2239 1652 ad-

1258 1739 1437 1785 Dixeric,
1464 1747 1506 1779 ut
1527 1741 1649 1779 venias
1664 1740 1768 1789 paffiz
1786 1741 1992 1791 tibilnoae,
2019 1745 2151 1784 venito.

1318 1791 1481 1835 Veneris,
1497 1788 1546 1837 ἐξ
1563 1789 1685 1839 fuerit
1698 1792 1818 1842 janua
1838 1792 2100 1843 clausa3feras.

1260 1841 1342 1880 Nec
1366 1841 1423 1878 dic
1450 1842 1664 1889 blanditias,
1687 1855 1756 1881 nec
1769 1841 1838 1892 fac
1854 1845 2012 1882 convicia
2032 1841 2162 1894 posti,

1310 1892 1390 1931 Nec
1409 1893 1505 1930 latus
1524 1894 1564 1932 in
1583 1894 1671 1932 duro
1691 1895 1814 1932 limine
1831 1901 1918 1943 pane
1937 1901 2051 1934 tuum.

1262 1982 1324 2019 23.
1355 1970 1424 2010 Me
1437 1972 1569 2011 mediae
1577 1972 1710 2019 maes,
1722 1984 1775 2011 me
1784 1970 1905 2022 sidera
1914 1980 2022 2022 prona
2036 1974 2241 2023 jacentem,

1398 2023 1617 2072 Frigidaque
1644 2023 1715 2062 Eoo
1732 2035 1785 2061 me
1806 2024 1897 2062 dolet
1919 2037 2008 2062 aura
2022 2022 2126 2076 gelu]
2227 2031 2229 2033 '

1212 2090 1344 2130 medias
1365 2089 1479 2129 not-'tes
1500 2090 1616 2137 dixit,
1641 2099 1684 2129 ut
1719 2091 1805 2129 Lib.
1836 2092 1886 2130 11.
1911 2090 1969 2129 El.
1995 2103 2056 2137 24·
2085 2101 2146 2137 25.
2173 2104 2246 2130 me-

1213 2143 1293 2181 diae
1311 2149 1486 2192 nequeunt
1504 2150 1538 2179 te
1551 2138 1726 2192 frangere
1743 2140 1869 2179 nostes.
1901 2140 2012 2190 idque
2032 2143 2242 2180 imitatione

1213 2197 1328 2241 μεσᾶἷν
1348 2195 1476 2232 'unvair
1498 2194 1724 2232 Graecorum
1737 2191 1850 2238 ,licet
1867 2190 1915 2230 de
1935 2202 2007 2230 una
2033 2192 2140 2230 noste
2163 2203 2246 2240 aga-

1216 2254 1286 2284 tur.
1323 2244 1400 2283 vid.
1434 2244 1516 2282 Cel.
1544 2243 1784 2282 D’orvillium
1810 2243 1848 2280 in
1882 2242 2045 2280 observ,
2078 2242 2244 2283 Miscell.

1215 2295 1306 2335 Vol.
1332 2297 1362 2334 1.
1386 2305 1468 2343 pag.
1498 2299 1583 2341 132'.
1612 2293 1645 2332 &
1675 2293 1720 2331 ad
1751 2291 1942 2335 Chariton.
1972 2304 2051 2342 pag.
2073 2297 2160 2340 632.
2186 2291 2248 2331 sed

1217 2347 1252 2385 ἀ
1283 2354 1365 2384 toto
1392 2347 1464 2383 hoc
1502 2346 1590 2384 loco
1623 2342 1810 2394 graeciss'at
1835 2344 2070 2394 Propertius,
2099 2355 2180 2381 nam
2209 2345 2247 2381 in

1214 2397 1310 2443 illis,
1350 2409 1403 2435 me
1431 2393 1543 2440 fidera
1574 2404 1681 2444 prona
1701 2397 1896 2446 jacentem,
1938 2393 2089 2445 respicit
2115 2394 2247 2445 procul

1213 2447 1330 2487 dubio
1349 2447 1394 2486 ad
1414 2449 1634 2496 paroemiam
1661 2448 1721 2485 seu
1756 2445 1970 2492 formulam,
1994 2457 2065 2495 qua
2098 2456 2248 2484 carmen

1214 2499 1559 2550 paraclaufithyrum
1589 2498 1693 2536 finire
1728 2498 1894 2536 solebant
1933 2505 2121 2535 cantantes
2153 2507 2247 2534 arna·

1216 2560 1339 2598 tores»,
1367 2550 1480 2590 πωὺι
1499 2567 1542 2597 γε
1569 2548 1749 2598 κείσομαφ,
1779 2557 1820 2587 ut
1843 2548 2026 2598 caprarius
2043 2547 2086 2584 ad
2103 2558 2248 2586 antrum

1215 2602 1452 2652 Amaryllidis
1470 2603 1594 2649 jacens
1614 2609 1759 2640 cantum
1780 2599 1861 2639 finit
1879 2597 1975 2649 apud
1998 2599 2247 2639 Theocritum

1216 2651 1324 2704 ldyll.
1347 2655 1418 2693 111.
1449 2664 1510 2702 53.

1265 2722 1410 2769 ’Λλγὲυ
1430 2724 1493 2764 reb
1510 2723 1676 2770 κεφαλοίι.
1695 2720 1745 2762 τίν
1773 2719 1809 2761 5⁹
1826 2721 1854 2762 ε’
1868 2720 1980 2771 prim.
1999 2719 2103 2761 nixis-⁸
2119 2717 2248 2768 ἇεῖδὶν,

1270 2779 1462 2825 Kese-e‘o'pccq
1489 2773 1526 2814 δῖ
1550 2771 1673 2815 stobe.
1993 2784 2011 2789 ⁹

1268 2855 1382 2895 Doleo
1403 2863 1520 2904 caput.
1539 2862 1580 2894 tu
1599 2867 1675 2893 vero
1694 2865 1745 2893 me
1771 2865 1840 2893 non
1857 2846 1972 2916 curas.
1999 2864 2068 2892 non
2089 2852 2246 2901 amplius

1342 2919 1476 2946 canam.

1266 2957 1404 3011 Jacebo
1430 2958 1488 2995 hic
1506 2953 1658 3006 stratus.

1215 3027 1250 3066 ὅ(
1270 3028 1369 3067 sorte
1394 3027 1579 3076 Propertii
1618 3025 1743 3064 animo
1758 3025 1818 3064 illa
1849 3025 2048 3065 Theocriti
2073 3024 2251 3064 obversa-

1214 3080 1364 3122 bantur,
1392 3078 1496 3122 cujus
1519 3077 1641 3116 locum
1658 3076 1799 3124 optime
1819 3077 1971 3115 illustrat
1993 3078 2042 3115 D.
2068 3076 2240 3115 Heinsius

1213 3131 1316 3220 Lex-3}-
1331 3127 1538 3226 31he0cxit.
1560 3140 1638 3180 cap.
1655 3128 1752 3168 Vll.
1779 3127 1877 3168 circa
1905 3127 2026 3168 finem.
2053 3127 2110 3166 his
2136 3126 2252 3213 fiiilriilg

2198 3188 2220 3214 u
