2618 3652
342 345 446 401 ,104
562 327 1420 394 SEX..AVREL1·1
1495 318 2213 384 PRosz'RTII

424 472 457 512 2
464 472 516 528 5.
559 459 684 516 Nec
714 471 767 515 te
795 458 1073 534 decipiat,
1105 457 1252 526 quod
1278 457 1342 510 sit
1377 439 1497 510 satis
1541 455 1634 507 illa
1673 451 1895 523 paratas
1924 438 1928 442 ’
1969 465 1989 471 “

640 536 832 589 Acrius
862 537 954 587 illa
982 533 1155 594 subit,
1199 532 1466 593 Pontice,
1511 528 1550 581 fi
1593 543 1697 594 qua
1738 537 1828 580 tua
1870 523 1961 578 est.

567 610 785 684 Quippe
813 611 906 664 ubi
935 625 1049 662 non
1076 608 1236 662 liceat
1269 621 1470 660 vacuos
1502 600 2014 681 seducere-ocellos,

346 830 427 872 five
455 842 496 874 ut
526 810 645 875 Oivid.
672 837 725 876 Π.
755 834 841 876 Am.
874 835 933 877 El.
957 846 1004 885 9,
1033 845 1093 885 53.
1122 834 1171 875 de
1199 831 1365 873 ventofis

345 884 536 934 Cupidinis
563 888 629 927 alis
650 887 758 935 dicit,
1231 916 1236 925 ·

393 957 602 1010 Gaudiaque
617 961 786 1011 ambigua
801 958 925 1012 desque
943 957 1114 1011 negasque
1129 955 1219 1008 fide.

338 1028 511 1082 idemque
537 1032 589 1072 est
610 1031 705 1082 apud
724 1033 883 1072 nostrum
905 1032 989 1071 Lib.
1020 1035 1069 1071 ΙΙ.
1091 1031 1150 1071 El.
1177 1043 1239 1080 14.
1259 1035 1298 1071 6.

677 1095 767 1143 quod
779 1092 886 1145 saepe
913 1094 1047 1141 Cupido

327 1161 330 1163 ·
393 1143 500 1183 Huic
517 1145 635 1183 malus
652 1145 721 1197 effe
729 1144 836 1197 solet,
865 1147 926 1183 cui
945 1147 1053 1183 bonus
1078 1151 1158 1183 ante
1167 1141 1264 1195 suit.

340 1216 437 1255 male
473 1216 579 1265 igitur
607 1218 672 1255 illa
706 1217 742 1254 in
781 1213 884 1255 Voss‘.
921 1223 1064 1263 quarto,
1093 1215 1174 1253 inde
1208 1214 1370 1259 coniecit

341 1266 547 1306 Broukhus.
567 1279 637 1317 pro
661 1268 806 1316 postea,
833 1266 989 1311 deinde,
1016 1265 1114 1313 quod
1146 1276 1224 1303 non
1243 1264 1366 1314 displi-

343 1327 415 1357 cet.
438 1321 573 1356 alterna
599 1330 726 1362 manu,
756 1326 797 1355 ut
820 1317 915 1355 infra
932 1317 990 1354 El.
1010 1317 1079 1357 ΧΙι
1105 1327 1165 1354 12.
1314 1313 1323 1322 '²

394 1379 566 1417 Auernae
580 1376 712 1427 facilis
739 1377 855 1416 cedere
879 1374 1022 1426 lympha
1046 1386 1167 1415 manu.

346 1450 416 1491 Lib
441 1451 513 1488 1V.
542 1448 599 1488 El.
626 1460 658 1498 7.
690 1451 751 1490 18.

392 1512 545 1552 Auerna
570 1513 711 1548 veniens
735 1511 774 1547 in
801 1515 864 1546 tua
887 1508 976 1546 colla
1002 1519 1126 1545 manu.

340 1584 393 1623 ita
425 1584 487 1621 hic
527 1577 675 1628 Cupido
715 1588 812 1618 nunc
846 1577 959 1625 hane,
1008 1588 1105 1615 nunc
1146 1574 1244 1615 illam
1275 1578 1369 1616 alam

341 1635 494 1681 injicere
516 1630 754 1672 indicaretur.
773 1628 860 1666 hinc
876 1626 972 1666 infra
994 1628 1079 1667 Lib.
1105 1630 1155 1668 ΙΙ.
1181 1630 1241 1668 El.
1270 1639 1307 1675 9.
1332 1638 1366 1676 2⁷.

344 1684 392 1724 de
412 1682 596 1734 Cupidine
614 1681 714 1719 'alato
727 1694 745 1719 ς,

399 1756 498 1796 Idem
514 1766 580 1792 non
591 1747 733 1800 frustra
758 1745 909 1801 ventosas
929 1748 1068 1788 addidit
1085 1750 1181 1795 alas,

449 1805 549 1843 Fecit
569 1802 619 1849 ἔθ’
642 1802 791 1840 humano
808 1802 906 1839 corde
929 1802 1045 1838 volare
1068 1799 1200 1838 Deum.

396 1857 546 1897 Scilicet.
561 1854 695 1892 alterna
709 1854 882 1902 ‘quoniam
896 1851 1077 1901 jaelamur
1095 1853 1133 1888 in
1154 1850 1248 1889 unda
1263 1879 1275 1897 ,

448 1903 646 1956 Nostraque
664 1916 732 1942 nen
755 1905 840 1941 ullis
856 1909 1032 1951 permanet
1051 1915 1139 1940 aura
1162 1902 1257 1940 locis.

345 1979 433 2021 vide
456 1976 583 2019 Patrui
608 1975 682 2015 mei
706 1981 811 2013 notas
841 1972 886 2011 ad
907 1973 1081 2022 Calpurn.
1100 1973 1179 2011 Ecl.
1194 1973 1274 2010 ΠΙ.
1307 1981 1367 2020 75.

344 2041 495 2083 premere
519 2029 627 2078 igitur
654 2028 730 2065 alas
757 2036 826 2072 pro
852 2026 1064 2070 corripere,
1088 2022 1291 2070 adducere,
1318 2024 1367 2061 de

350 2081 537 2133 Cupidine
565 2078 696 2117 diuum
719 2074 828 2119 estet,
860 2074 1049 2112 locutione
1068 2073 1230 2112 desumta
1252 2084 1301 2113 ex
1322 2085 1366 2119 re

348 2134 526 2184 equestri,
555 2131 593 2168 in
615 2139 684 2178 qua
706 2135 858 2175 premere
873 2125 1042 2170 habenas,
1058 2124 1093 2164 ἃ
1109 2127 1290 2173 praebere,
1306 2125 1366 2163 seu

343 2185 556 2226 inmittere,
586 2185 835 2230 opponuntur.
854 2175 902 2214 fic
921 2183 1072 2224 premere
1100 2188 1244 2213 currum
1269 2175 1365 2214 Ovi-

347 2237 411 2276 dio
428 2238 478 2276 Il.
499 2235 596 2272 Met.
615 2242 699 2278 135.
714 2236 869 2278 premere
879 2224 992 2278 frena
1008 2238 1114 2264 manu
1136 2227 1243 2269 VllI.
1268 2226 1368 2264 Met.

351 2300 412 2337 37.
447 2283 582 2336 preffae
629 2282 780 2322 habenae
821 2276 1027 2317 Claudiano
1057 2279 1106 2316 11.
1144 2277 1181 2315 in
1213 2278 1371 2325 Eutrop.

351 2351 436 2387 107.
465 2337 500 2375 δι
531 2337 622 2373 haec
646 2330 791 2383 quidem
811 2328 857 2368 ad
890 2327 1073 2368 Passeratii
1101 2326 1370 2378 expositionem

347 2389 496 2442 poffent
522 2385 750 2429 conducere,
779 2381 841 2420 sed
871 2380 954 2431 quia
978 2386 1131 2427 premere
1157 2378 1235 2416 alas
1265 2390 1371 2417 manu

348 2442 470 2482 minus
502 2439 600 2476 reue
618 2437 822 2478 diceretur,
834 2432 959 2470 malim
978 2431 1014 2469 in
1037 2430 1182 2469 minore
1197 2429 1306 2468 versu
1323 2430 1374 2467 al-

2223 654 2229 658 *
2311 666 2436 749 Nec

1414 828 1513 878 quod
1548 828 1646 868 reete
1676 837 1748 878 pro
1780 796 1902 876 parari
1924 799 2094 863 'viudicat
2120 815 2383 861 BroukhussuS.
2400 815 2441 856 in

1415 882 1595 932 Priapejis
1617 881 1746 931 Epigr.
1776 878 1942 916 XLVII.

1467 942 1566 982 Nam
1589 941 1756 992 quamvis·
1775 939 1897 978 videar
1910 938 2006 990 satis
2027 942 2186 987 paratus.

1417 1004 1482 1043 ubi
1499 1003 1586 1042 vide
1601 1011 1694 1052 quae
1711 1000 1843 1038 notavi
1866 998 1979 1038 Torn.
2000 999 2048 1036 11.
2070 995 2187 1035 Anth.
2205 982 2340 1044 Latffip.
2354 1000 2442 1040 519.

1419 1055 1455 1095 δι
1472 1054 1564 1093 adde
1583 1052 1708 1093 Pritrui
1724 1052 1798 1089 mei
1818 1058 1924 1089 notas
1943 1048 1989 1087 ad
2010 1046 2124 1087 ovid.
2146 1047 2195 1086 V.
2228 1047 2327 1084 Met.
2355 1048 2446 1090 603.

1471 1129 1532 1165 26.
1562 1123 1696 1162 Acrius
1713 1124 1778 1160 illa
1793 1119 1914 1172 subit]
1935 1120 2066 1158 Artius
2086 1117 2124 1155 in
2149 1114 2309 1155 secundo
2329 1116 2442 1154 D'or-

1419 1177 1499 1215 vill.
1515 1187 1561 1213 an
1580 1177 1679 1213 forte
1716 1174 1845 1212 Altius
1866 1171 1987 1210 voluit
2017 1167 2213 1208 librarius?
2239 1167 2377 1213 Aptius
2403 1165 2443 1204 iu

1421 1228 1501 1264 aliis
1522 1226 1595 1272 legi
1614 1224 1764 1262 testatur
1782 1222 1905 1260 Latin.
1927 1220 2108 1259 Latinius.
2137 1216 2198 1256 sed
2225 1217 2360 1255 Acrius
2373 1213 2447 1266 su*

1421 1278 1474 1314 bie
1505 1273 1771 1322 elegantissime
1811 1271 1966 1315 dietum,
1993 1280 2083 1318 pro,
2104 1268 2277 1305 animum
2302 1266 2442 1312 intrat,

1423 1326 1457 1366 ὅ(
1479 1325 1516 1363 in
1540 1323 1708 1362 medullis
1737 1322 1960 1366 sentitur‚ut
1984 1321 2087 1370 supra
2105 1330 2142 1357 ν.
2165 1330 2225 1359 21.
2251 1317 2298 1356 fic
2322 1318 2447 1355 acrius

1424 1379 1501 1416 urit
1520 1377 1581 1414 vel
1611 1381 1742 1424 urguet
1770 1385 1866 1411 amor
1893 1370 2037 1410 Ovidio
2068 1370 2130 1409 lib.
2152 1371 2184 1409 Ι.
2210 1368 2295 1407 Α111.
2319 1379 2355 1406 2.
2381 1377 2444 1415 1-7.

1423 1427 1458 1466 &
1481 1427 1545 1464 lib.
1562 1428 1612 1465 11.
1637 1436 1696 1470 19·
1719 1434 1753 1471 3.
1783 1424 1845 1462 ubi
1869 1424 1980 1461 altius
2003 1423 2044 1460 in
2066 1421 2245 1460 Palatino.
2271 1417 2440 1470 poffis&

1423 1479 1556 1516 Acrior
1574 1474 1759 1527 iliasubit.
1773 1483 1815 1513 ut
1833 1472 1927 1524 apud
1949 1475 2091 1513 Lucan.
2112 1474 2182 1511 ΙΙΙ.
2208 1482 2294 1519 142.
2311 1470 2445 1508 Acrior

1421 1528 1595 1619 ἕιῖριῠὶι.
1612 1526 1717 1618 gub&
1737 1524 1818 1570 hic,
1839 1533 1881 1563 ut
1904 1524 2001 1611 alpud
2013 1523 2136 1611 sObvid.
2158 1524 2223 1561 lib.
2250 1525 2282 1561 1.
2307 1521 2442 1568 Amor.

1473 1607 1481 1616 .
1506 1591 1540 1618 2.
1561 1589 1597 1616 v,
1647 1606 1655 1613 .
1711 1586 1732 1613 e
1751 1585 1879 1614 amore
1897 1585 1989 1612 cam
2027 1586 2048 1611 u
2075 1582 2259 1622 repente:

1471 1637 1569 1676 Nam
1586 1635 1851 1686 praesentirem
1866 1664 1877 1681 ,
1896 1632 1935 1685 si
1951 1646 2018 1685 quo
2036 1641 2188 1672 tentarer
2204 1643 2318 1670 amore
2329 1660 2342 1678 ,

1526 1690 1591 1727 An
1599 1686 1722 1740 subit,
1753 1683 1803 1733 ὅ)
1823 1688 1935 1726 tacita
1954 1685 2112 1728 callidus
2130 1691 2204 1723 arte
2221 1689 2331 1727 nocet,

1417 1748 1519 1791 idem
1544 1750 1712 1788 Lucanus
1739 1747 1824 1787 Lib.
1843 1748 1913 1786 1V.
1939 1757 2026 1795 705.

1478 1844 1481 1846 .
1498 1830 1565 1846 —.-
1590 1821 1690 1859 quem
1712 1808 1791 1847 dira
1809 1809 1968 1858 voluptas
1988 1806 2078 1859 Ense
2093 1806 2198 1859 subit
2210 1808 2343 1860 prerfir.

1419 1869 1508 1910 vide
1532 1868 1610 1907 illic
1634 1869 1759 1908 Patrui
1784 1868 1858 1906 mei
1885 1877 1990 1907 notas
2005 1898 2015 1914 ,
2043 1868 2078 1906 ἅ
2105 1867 2150 1912 ad
2172 1867 2256 1907 Lib.
2279 1868 2330 1907 Χ.
2355 1867 2445 1916 366.

1421 1922 1485 1961 ubi
1505 1918 1700 1970 legendum
1717 1921 1890 1967 conjicit,
1917 1921 1960 1958 Si
1966 1917 2111 1970 subiit,
2138 1919 2199 1957 vel
2209 1918 2357 1970 subeat,
2365 1916 2450 1968 for·

1420 1971 1636 2025 mofizsoror,
1648 1982 1718 2021 pro
1744 1970 1910 2020 languida
1930 1970 2088 2010 lectione
2107 1971 2148 2010 Si
2158 1969 2301 2021 fuerit,
2314 1969 2448 2008 firmat-

1420 2036 1493 2076 que
1514 2022 1668 2061 adducito
1687 2023 1760 2060 hoc
1783 2024 1864 2073 ipso
1893 2023 2079 2072 Propertii
2103 2023 2201 2061 loco.

1419 2094 1532 2176 Lei}
1562 2081 2446 2172 1111111111111111111111ωὲ

1419 2194 1578 2234 utroque
1595 2192 1682 2221 meo
1699 2180 1850 2228 codice,
1868 2192 1938 2221 nec
1958 2182 2066 2232 aliter
2085 2161 2133 2220 in'
2147 2182 2341 2232 Excerptis
2361 2163 2446 2222 s'ca,

1421 2237 1482 2286 lig.
1506 2234 1764 2280 Menteliano,
1789 2233 1958 2272 Borrich.
1979 2232 2201 2284 8100111111.
2222 2241 2263 2273 ut
2281 2244 2329 2272 ex
2346 2235 2448 2273 Pala-

1421 2290 1504 2328 tino
1528 2285 1671 2335 profert
1696 2282 1926 2323 Gebhardus.
1948 2294 2020 2334 pro
2030 2283 2250 2336 subtrahere.
2275 2282 2362 2323 vide
2391 2285 2446 2324 su-

1423 2350 1490 2390 pra
1504 2335 1550 2374 ad
1567 2337 1670 2385 Eleg.
1693 2334 1861 2385 praeced.
1882 2347 1917 2374 v.
1938 2347 2000 2384 45.
2024 2336 2187 2383 deponere
2206 2336 2245 2374 in
2268 2335 2443 2386 Excerpt.

1423 2388 1569 2433 Modii,
1593 2388 1655 2427 seu
1691 2388 1954 2437 Groningano,
1987 2385 2182 2439 subducere
2210 2387 2320 2425 etiam
2352 2397 2443 2426 con-

1422 2443 1564 2491 jecerat
1595 2437 1847 2478 Marklandus.
1876 2435 1976 2485 quod
2017 2449 2094 2476 non
2136 2439 2317 2487 inprobo,
2357 2438 2447 2477 licet

351 2501 452 2533 terna
472 2502 578 2528 manu
591 2486 776 2538 presserit,
803 2483 1075 2532 subintelligere
1096 2487 1298 2519 amatfflem
1318 2481 1372 2530 ῑΡ·
1415 2492 1583 2546 seducere
1615 2499 1686 2539 pro
1718 2489 1846 2527 oculos
1874 2489 1920 2532 ab
1950 2498 2065 2528 amata
2094 2490 2216 2538 puella
2249 2499 2448 2535 amovere,

352 2546 448 2588 sum,
475 2542 535 2580 cui
558 2551 655 2578 nunc
680 2537 800 2582 favet,
829 2545 926 2582 nunc
941 2533 1112 2572 adversus
1131 2531 1183 2570 est
1211 2531 1372 2581 Cupido.

355 2597 438 2634 vel.
465 2593 491 2631 fi
520 2592 600 2642 quis
629 2587 771 2638 ellipfin
803 2586 898 2625 hanc
927 2583 1098 2626 nonnihil
1131 2582 1313 2629 coaeum,
1340 2581 1376 2620 &

354 2645 518 2694 prefferit
539 2642 582 2681 ad
601 2644 676 2680 alas
696 2637 826 2678 referri
849 2634 988 2677 debere
1011 2632 1231 2677 contendat,
1261 2642 1301 2673 ut
1318 2645 1376 2672 ea-

359 2694 452 2733 dem⁴
482 2692 654 2742 loquendi
682 2691 791 2742 figura
822 2697 939 2728 totum
965 2686 1131 2737 decurrat
1170 2683 1376 2733 distichon,

359 2756 430 2798 pro
448 2745 580 2781 alterna
600 2755 706 2782 manu
727 2740 888 2781 substitui
910 2739 1046 2790 posset,

415 2805 469 2843 Ut
487 2815 554 2841 non
571 2805 704 2841 alterna
731 2801 893 2854 prefferit
919 2802 978 2840 ille
1003 2812 1109 2838 mora.
1156 2845 1159 2857 Ι

359 2872 530 2928 praeced.
571 2873 676 2909 versu
707 2876 890 2922 quoiquam
910 2870 1043 2923 facilis
1075 2873 1115 2910 in
1144 2870 1268 2922 priscis
1296 2869 1382 2912 edd.

356 2928 479 2970 suivis
503 2925 540 2962 in
559 2922 641 2961 cod.
665 2923 830 2972 Co‘vbert.

1426 2542 1667 2595 praetulerint
1689 2541 1762 2585 viri
1788 2539 1936 2580 eruditi.
1956 2539 2209 2591 ficjubducere
2233 2539 2446 2592 &seducere

1427 2591 1702 2640 confunduntur
1718 2591 1815 2642 apud
1831 2592 1998 2631 Curtium
2017 2590 2102 2633 Lib.
2117 2592 2165 2630 X.
2192 2603 2269 2639 cap.
2292 2596 2328 2631 6.
2351 2590 2384 2640 §-
2409 2601 2445 2640 7.

1428 2646 1492 2686 ubi
1509 2643 1598 2690 vide
1614 2649 1732 2685 notas.
1764 2642 1873 2690 pollis
1892 2643 2002 2682 etiam
2027 2653 2157 2681 vacuos
2180 2643 2343 2681 diducere
2363 2642 2450 2680 ocel-

1430 2699 1492 2737 los.
1510 2707 1592 2734 nam
1604 2693 1695 2732 haec
1718 2694 1878 2732 invicem
1898 2703 2171 2743 permutantur,
2198 2694 2232 2731 δι
2251 2694 2357 2742 saepe
2379 2692 2453 2734 hoc

1431 2748 1551 2787 verbo
1587 2744 1702 2784 utitur
1735 2746 1971 2795 Propertius,
2013 2753 2054 2784 ut
2083 2745 2247 2787 diducere
2273 2750 2450 2788 amantes,

1433 2810 1504 2851 pro
1527 2799 1726 2848 separare,³
1744 2808 1819 2835 non
1849 2809 1935 2836 raro
1955 2796 2052 2847 apud
2079 2796 2245 2835 nostrum
2276 2793 2447 2835 occurrit.

1436 2850 1523 2890 vide
1550 2858 1655 2896 notas
1681 2846 1726 2885 ad
1753 2847 1867 2888 Ovid.
1890 2850 1960 2888 IV.
1988 2850 2094 2888 Met.-
2115 2858 2204 2895 372.

1857 2907 1907 2957 δ”
1932 2907 2039 2959 2'stum

1486 2952 1607 3002 Nulla
1625 2961 1699 3000 dies
1719 2973 1741 2999 a
1762 2973 1833 3007 me,
1859 2974 1922 3001 nec
1937 2973 1990 2999 me
2016 2934 2321 3009 diducntnbiisto.

362 2999 799 3104 ..uranu-farge,
814 3003 1277 3101 sszsszmzsslffi‘zzeffiz
1439 3021 1875 3121 ἰ11.11,111111111·
1897 3018 2454 3112 111111111111111

367 3106 443 3159 nb
479 3107 528 3145 ΙΙ.
561 3109 616 3145 18.
651 3108 711 3152 36.
739 3103 909 3140 Tibullus
933 3105 1013 3144 Lib.
1037 3108 1091 3144 Il.
1116 3106 1173 3144 El.
1196 3118 1232 3153 4.
1261 3107 1341 3145 init.

356 3208 366 3226 2.
416 3177 495 3226 Hic
513 3173 804 3228 mihi-servitium
824 3174 942 3222 video,
964 3174 1201 3226 dominamque
1220 3185 1394 3227 paratam.

1445 3124 1621 3216 3221?st
1638 3125 1709 3176 seq.
1736 3136 1774 3167 v.
1798 3125 1864 3166 ult.
1886 3124 1968 3184 Qu·
1989 3135 2177 3174 numquam
2197 3133 2305 3162 vacuo
2320 3119 2454 3170 peetore

2285 3229 2346 3268 28.
2378 3223 2455 3267 Nec
