2678 3652
583 265 850 331 ..c'Y-
921 265 1112 326 NT
1186 239 1350 339 Hs1
1423 268 1493 326 A.

489 397 680 456 Litora
721 379 934 452 nativos
977 413 1073 471 per
1117 394 1169 451 se
1212 396 1343 451 dent
1385 394 1530 467 picta
1568 397 1824 468 lapiIIOS‚

1647 270 1699 327 L
1739 279 1760 327 i
1800 279 1851 328 s.
1929 275 1991 334 1.
2135 261 2183 354 ,9

2239 328 2260 338 -
2308 289 2394 350 27·

577 475 652 530 Et
693 474 941 532 volucres
986 472 1134 526 nulla
1175 471 1386 526 dulcius
1429 484 1541 528 arte
1585 487 1799 528 canant.

375 564 460 620 15.
502 551 639 607 Non
678 547 750 604 fic
791 547 1099 620 Leucippis·
1127 546 1404 603 succendit
1445 547 1662 610 Castora
1702 550 1957 618 Phoebe,

311 811 314 815 .
336 788 381 826 13
403 766 518 827 perse
536 771 697 824 dent]ita
717 784 765 812 ex
782 774 934 822 ingenio
949 771 1125 822 scaligeri
1137 772 1309 813 ernenda-

276 838 359 872 tum
385 825 501 866 edidit
525 825 732 864 Broukhus.
754 827 852 865 recte
874 825 1041 864 omnino.
1062 824 1164 874 quod
1181 826 1312 876 proba-

279 884 340 919 vit
362 878 494 918 Heins.
510 878 595 916 Lib.
621 880 673 916 11.
702 875 860 915 Advers.
881 888 959 926 cap.
981 882 1017 917 6.
1040 887 1081 923 p.
1101 881 1190 926 248.
1217 877 1251 916 &
1271 877 1312 916 in

276 932 381 972 notis
408 928 453 968 ad
473 930 645 980 Propert.
670 938 752 978 pag.
778 933 868 977 656.
893 926 1008 979 perse
1030 926 1092 965 hic
1117 928 1240 977 idem,
1268 940 1311 968 ac

275 983 406 1035 paullo
427 989 536 1028 ante,

381 1054 434 1094 Et
458 1055 603 1093 veniant
625 1052 771 1092 hederae
785 1049 910 1104 sponte
931 1049 1000 1103 sua
1027 1042 1176 1092 melius.

282 1128 323 1169 ἂ
341 1127 494 1168 arbores
489 1124 629 1178 sponte
638 1123 715 1179 sua
737 1131 839 1163 natae
858 1123 1004 1163 Ovidio
1023 1126 1075 1164 V.
1101 1125 1203 1164 Met.
1222 1135 1312 1173 591.

337 1200 463 1249 Sponte
479 1196 552 1250 sua
576 1204 678 1235 natas
701 1197 791 1244 ripis
815 1196 1013 1234 declivibus
1036 1198 1189 1235 umbras.

282 1275 329 1313 In
360 1271 466 1309 libris
498 1278 609 1306 manu
643 1267 820 1311 exaratis,
856 1267 1052 1316 primisque
1089 1266 1314 1305 editionibus

271 1324 380 1365 „mira
413 1321 473 1359 hic
501 1318 670 1358 leetionis
696 1316 869 1354 varietas.
896 1315 1108 1367 persuadent
1133 1319 1172 1356 in
1196 1316 1314 1355 tribus

284 1373 494 1417 Vossianis,
523 1370 646 1420 primo
676 1366 783 1406 Leid.
810 1368 934 1416 primo
968 1367 1131 1405 Dorvill.
1157 1368 1310 1405 Mente-

282 1428 408 1471 liano,
434 1421 707 1469 Neapolitano,
738 1418 916 1467 scaligeri
941 1418 1160 1466 Excerptis,
1194 1417 1313 1456 Hein-

285 1478 406 1521 fiano‚
431 1475 468 1513 &
491 1474 613 1523 primo
637 1480 725 1509 meo
760 1467 924 1515 Codice,
960 1478 1069 1518 quem
1103 1467 1311 1506 Heinfiano

268 1526 458 1569 ..eumdem
486 1525 636 1573 opinor.
674 1516 892 1569 persuadent
915 1529 1070 1569 quoque
1098 1519 1187 1568 pro‘
1209 1517 1311 1555 varia

286 1580 369 1620 leet.
385 1578 423 1616 in
442 1575 572 1615 iisdem
593 1571 792 1620 Excerptis
811 1570 1170 1620 Scalig.collucentin
1185 1567 1310 1609 Codd.

276 1630 436 1679 Regiis,
463 1626 624 1666 secundo
655 1623 907 1670 colbertino,
933 1621 1131 1671 Excerptis
1162 1620 1308 1668 Modii,

284 1678 460 1723 Leidenfi
491 1674 908 1724 altero‚Borrichian0,
936 1672 997 1712 ed.
1023 1674 1119 1722 Reg.
1145 1673 1240 1722 Lep.
1272 1671 1309 1711 dt

283 1735 436 1773 Veneta
454 1738 619 1779 utraque.
652 1726 760 1776 idque
787 1724 970 1776 probabat
997 1723 1240 1763 Marklandus
1259 1734 1309 1762 ex

285 1782 405 1823 ovid.
436 1784 487 1821 V.
513 1780 609 1820 Fast.
643 1789 680 1816 v.
711 1783 797 1826 363.
832 1777 1004 1816 collucent
1028 1774 1183 1825 floribus
1210 1776 1307 1827 agri.

281 1837 460 1888 pellacem
469 1835 507 1871 in
518 1829 766 1881 Aldi,Juntae,
781 1829 815 1867 ἁ
824 1829 903 1866 aliis
914 1826 999 1866 edd.
1009 1828 1182 1866 collucent
1198 1828 1310 1865 etiam

272 1886 443 1927 ‘Barthio
459 1895 535 1923 non
549 1878 775 1921 movendum
786 1879 981 1918 videbatur
991 1907 1001 1924 ‚
1013 1887 1055 1919 ut
1073 1878 1118 1917 ad
1128 1877 1313 1917 colorato-

286 1949 370 1978 rum
393 1936 602 1984 lapillorum
628 1932 845 1970 varietatem
880 1929 1062 1968 referatur
1083 1958 1093 1974 ‚
1131 1929 1215 1967 Lib.
1242 1930 1313 1968 lX.

288 1987 446 2030 Advers.
465 1998 498 2025 c.
520 1997 579 2025 10.
607 1983 667 2020 cui
690 1985 728 2020 in
759 1982 828 2020 suis
857 1979 1155 2018 adnotationibus
1181 1978 1317 2018 adnue-

284 2042 350 2080 bat
374 2039 456 2078 Cel.
483 2032 800 2078 Hemstexhufius‚
828 2031 889 2071 sed
914 2032 998 2080 quia
1024 2032 1196 2068 collucent
1231 2041 1314 2068 cum
1348 2052 1352 2056 ‚

284 2092 422 2131 ceteris
439 2086 654 2140 submittat,
699 2085 842 2128 veniat,
868 2081 1022 2133 surgat,
1059 2080 1095 2118 δι
1114 2080 1213 2132 [εἰπε
1237 2092 1316 2119 non

272 2140 458 2192 „congruit
475 2168 486 2185 ,
497 2138 612 2177 altera
629 2136 709 2184 ejus
739 2134 951 2182 conjectura
967 2131 1234 2184 praeferenda,
1246 2143 1315 2183 qua

286 2193 512 2243 refingebat,

336 2275 476 2314 Litora
499 2272 617 2311 nativi
643 2264 846 2318 collustrent
868 2265 967 2315 pieta
990 2266 1122 2315 lapilli.

294 2357 418 2397 verbo
450 2365 497 2392 ex
529 2354 689 2403 picturae
719 2357 798 2389 arte
825 2346 993 2387 deducto.
1030 2355 1070 2385 ut
1101 2345 1197 2396 apud
1237 2345 1319 2385 Cic.

299 2411 407 2449 Orat.
425 2411 483 2454 36.
513 2408 551 2444 in
584 2404 736 2453 picturis
767 2402 856 2439 alies
886 2399 1047 2445 horrida,
1074 2400 1230 2443 inculta,
1260 2398 1319 2435 ab-

285 2462 375 2500 dita
403 2456 451 2505 ὅ)
471 2466 594 2504 opaca,
621 2462 740 2494 contra
759 2454 850 2492 alios
865 2451 1124 2496 nitida,laeta,
1139 2445 1318 2497 collastra-

296 2521 340 2550 τα
371 2509 555 2549 delectant.
588 2507 626 2544 in
660 2505 782 2543 multis
810 2504 919 2541 etiam
947 2500 1136 2539 codicibus
1169 2499 1203 2537 &
1229 2498 1312 2550 edd.

297 2558 431 2602 nativis
456 2560 611 2608 lapillis,
630 2566 671 2595 ut
691 2557 728 2593 in
747 2554 902 2605 quatuor
927 2553 1031 2592 Voss.
1051 2551 1193 2591 duobus
1208 2549 1314 2590 Leid.

297 2612 358 2651 ed.
376 2614 472 2660 Reg.
494 2613 588 2658 Lep.
611 2607 767 2647 Venetis
781 2636 790 2652 ‚
805 2603 888 2644 Ald.
906 2605 1070 2654 aliisque.
1082 2603 1315 2653 Ayrmannus

294 2665 425 2702 nativis
441 2663 594 2708 placeam
615 2667 656 2697 ut
672 2659 768 2706 picta
786 2658 930 2706 lapillis.
955 2655 1115 2705 denique
1133 2652 1316 2704 persudent

285 2715 341 2753 'in
356 2712 460 2752 Voff.
474 2721 624 2760 quarto,
652 2709 685 2747 ἃ
706 2710 825 2748 altero
845 2707 1036 2747 D’Orvill.
1057 2703 1157 2756 quod
1179 2706 1218 2743 in
1243 2706 1315 2754 pri-

298 2775 381 2806 mae
407 2761 579 2801 editionis
609 2761 707 2800 notis
729 2759 916 2808 Scaligero
945 2758 1140 2808 probatum
1172 2758 1311 2803 fuerat,

293 2825 476 2864 tamquam
507 2810 816 2861 ἔμφαηκόηιπω,
844 2817 884 2849 ut
916 2810 1045 2848 innuat
1079 2808 1223 2857 lapillos
1248 2818 1315 2856 per

298 2869 339 2908 se
359 2858 581 2917 provenire,
606 2864 742 2917 eosque
763 2861 878 2901 veluti
895 2860 1068 2910 quasdam
1081 2857 1218 2898 sudoris
1235 2858 1314 2897 bul-

298 2920 351 2959 las
374 2924 581 2964 erumpere.
606 2912 668 2952 sed
685 2918 782 2954 bene
800 2912 837 2952 id
854 2913 1019 2952 correxit
1043 2913 1082 2951 in
1108 2910 1167 2951 ed.
1196 2911 1314 2961 poste-

297 2971 400 3011 riore
429 2964 609 3006 commel,
636 2977 692 3004 an.
727 2972 838 3007 1600.
863 2963 982 3014 perse
1011 2964 1198 3012 eleganter
1222 2961 1312 3000 dici·

294 3031 356 3062 tur
378 3018 425 3057 de
456 3018 548 3059 illis,
577 3025 668 3064 quae
692 3017 823 3066 sponte
839 3045 850 3061 ‚
877 3014 912 3053 ἃ
938 3015 1015 3053 fine
1040 3013 1223 3053 imdustria
1247 3013 1314 3050 ho-

272 3083 274 3085 ·
300 3072 462 3116 minum,
499 3067 604 3106 nullo
631 3066 792 3113 cultore,
829 3066 890 3106 sed
922 3074 1073 3104 naturae
1099 3066 1202 3104 dono
1229 3075 1313 3114 pro-

302 3122 470 3162 veniunt.
488 3128 529 3159 ut
553 3117 716 3158 Ovid.1.
745 3119 843 3158 Met.
866 3129 952 3157 102.
976 3126 1038 3165 per
1054 3115 1095 3169 se
1122 3117 1227 3154 dabat
1245 3127 1314 3153 om-

306 3177 369 3218 nia
385 3173 504 3213 tellus.
514 3169 601 3211 vide
617 3169 808 3212 Drakenb.
821 3167 1013 3209 adsilium
1033 3169 1116 3209 Lib.
1131 3167 1202 3208 XI.
1220 3177 1311 3217 447.

1327 1044 1359 1051 x

2261 628 2386 685 Pol-

1362 772 1527 814 &notas
1543 773 1589 813 ad
1608 774 1737 815 Valer.
1761 777 1868 816 Max.
1890 777 1978 818 Lib.
1999 777 2050 816 V.
2076 787 2108 815 c.
2130 785 2165 824 7.
2191 775 2222 825 §.
2249 787 2281 816 1.
2307 783 2385 825 per-

1361 826 1481 864 rident
1510 838 1659 876 quoque
1695 827 1892 877 aliquando
1925 830 2137 878 conjecerat
2167 827 2300 867 Heius.
2341 836 2383 868 ut

1361 876 1459 927 apud
1476 879 1581 926 Virg.
1604 879 1643 916 in
1665 878 1744 917 Ciri
1769 891 1807 918 v.
1834 892 1920 928 103.
2106 878 2110 882 ’

1415 939 1617 988 Purpureis
1640 941 1711 978 late
1739 941 1893 979 ridentia
1919 942 2023 980 litora
2045 940 2199 980 conchis.

1364 999 1428 1041 sed
1445 1009 1505 1049 per
1514 1000 1557 1054 fi
1575 1001 1658 1039 dent
1677 1001 1782 1041 nullo
1804 1002 1918 1041 modo
1942 1001 2208 1043 sollicitandum
2231 1003 2389 1043 est.ver-

1366 1053 1406 1092 su
1426 1053 1498 1102 seq.
1530 1060 1663 1092 canunt
1689 1054 1783 1093 male
1806 1055 1844 1092 in
1868 1063 2025 1103 quatuor
2050 1053 2152 1093 Voss'.
2181 1054 2278 1093 binis
2300 1055 2390 1093 Lei-

1354 1103 1466 1144 rdens.
1486 1104 1749 1151 Borrichiano,
1779 1107 2048 1154 Groningano‚
2077 1106 2205 1154 Regiis
2238 1105 2274 1144 ὅ(
2299 1107 2388 1145 Col·

1365 1156 1542 1202 bertinis,
1579 1157 1700 1205 primo
1735 1156 1899 1196 Dorvill.
1932 1155 1969 1194 δε
2000 1167 2089 1195 meo
2111 1155 2295 1202 secundo,
2318 1156 2385 1205 ,qui

1363 1208 1409 1246 ab
1429 1207 1501 1246 hoc
1524 1207 1632 1246 versu
1653 1208 1791 1258 incipit.
1822 1206 1883 1247 sed
1909 1208 2040 1246 rcellus
2058 1215 2185 1246 canant
2206 1207 2245 1246 in
2263 1208 2384 1246 Heln-

1363 1260 1485 1305 fiano,
1511 1259 1633 1307 primo
1649 1270 1736 1301 meo
1755 1259 1843 1298 MS.
1865 1259 1900 1298 δι
1916 1259 2038 1298 altero
2057 1258 2251 1299 D'Orvssl.
2279 1258 2388 1318 Quod

1364 1311 1519 1347 volucres
1539 1309 1578 1346 in
1603 1310 1871 1359 Neapolitano.

1416 1388 1476 1426 ις.
1504 1378 1592 1417 Non
1604 1376 1661 1427 fic
1675 1379 1869 1428 Leucippis
1879 1379 2071 1431 succendit
2083 1377 2225 1430 Castora
2238 1379 2387 1426 Phoebe,

1537 1430 1717 1474 Pollucem
1738 1432 1840 1468 cultu
1860 1443 1927 1470 non
1950 1429 2249 1484 Hansoron]

1360 1495 1517 1536 incendit
1537 1496 1573 1534 in
1593 1497 1697 1536 Voss'.
1719 1499 1845 1537 tertio.
1862 1497 2026 1549 succedit
2045 1500 2082 1538 in
2100 1498 2263 1548 ejusdem
2282 1510 2390 1549 quar-

1360 1557 1414 1588 to.
1445 1548 1542 1586 male
1570 1549 1608 1587 in
1636 1547 1769 1595 Heins.
1803 1548 1839 1589 &
1862 1559 1950 1587 meo
1981 1549 2111 1590 codice
2145 1551 2319 1600 Lecippi,
2350 1551 2391 1589 in

1359 1599 1492 1651 quibus
1509 1600 1602 1639 alter
1625 1600 1750 1639 versus
1772 1607 1874 1639 totus
1889 1598 2128 1640 desideratur.
2160 1602 2328 1640 Thelaira
2346 1602 2388 1639 in

1361 1651 1629 1702 Groningano,
1657 1651 1774 1691 tribus
1801 1650 2010 1698 Vosfianis,
2038 1651 2183 1691 duobus
2208 1652 2383 1692 Leidens.

1360 1703 1396 1742 &
1430 1704 1470 1741 in
1509 1701 1659 1742 secundi
1693 1702 1859 1752 margine
1887 1703 2014 1743 Πανία.
2054 1703 2175 1752 Ilayra
2199 1705 2236 1751 in
2262 1705 2385 1753 primo

1360 1753 1396 1792 dt
1414 1755 1547 1802 quinto
1570 1755 1764 1794 Vaticano.
1795 1755 1918 1804 Ilayra
1934 1755 1973 1794 in
1989 1755 2159 1793 secundo.
2187 1754 2338 1794 Thela‘ia
2354 1756 2393 1793 in

1361 1806 1627 1851 Borrichiano‚
1670 1805 1704 1844 δε
1732 1808 1770 1844 in
1799 1816 1911 1854 marg.
1942 1806 2069 1845 Ilaira.
2107 1807 2230 1856 Ilayra
2261 1806 2388 1855 legen-

1361 1856 1450 1896 dum
1480 1868 1527 1897 ex
1559 1857 1708 1896 Pindari
1738 1855 1942 1896 Scholiaste
1969 1865 2173 1904 ¹notaverat:
2200 1857 2390 1896 Heinsius.

1364 1907 1439 1947 vid.
1457 1909 1626 1948 Turneb.
1647 1910 1716 1948 XI.
1730 1907 1885 1947 Advers.
1909 1919 1941 1947 c.
1963 1919 2021 1956 15.
2049 1908 2217 1947 Thelaira
2240 1909 2394 1946 Mente·

1365 1960 1505 2004 lianus,
1533 1958 1568 1997 &
1598 1971 1700 1999 meus
1734 1960 1854 1998 codex
1874 1959 2063 1999 secunduS.
2101 1960 2255 1998 Hilalra
2276 1958 2394 1997 edidit

1365 2009 1574 2048 Broukhus.
1618 2019 1722 2049 certe
1749 2012 1787 2050 in
1816 2022 1927 2060 marg.
1956 2009 2038 2049 cod.
2079 2012 2172 2060 Reg.
2216 2011 2391 2060 Hylaira.

1369 2061 1494 2098 Elaira
1518 2059 1576 2097 ed.
1605 2062 1748 2099 Mureti
1776 2061 1925 2101 Aldina.
1961 2062 2140 2111 Thelayra
2169 2062 2207 2099 in
2238 2060 2327 2100 Aldi
2355 2060 2391 2099 ὅ(

1367 2112 1501 2161 Juntae
1526 2109 1608 2149 edd.
1629 2119 1670 2149 ut
1687 2112 1782 2150 male
1810 2113 1920 2150 etiarn
1933 2112 2095 2151 adfertur
2117 2124 2137 2150 a
2155 2111 2329 2151 Brodaeo
2348 2111 2393 2148 ad

1370 2162 1565 2200 TheOCl‘lt.
1585 2160 1834 2209 Idyll.XX1L
1859 2166 1944 2209 138.
1962 2163 2025 2201 Ubi
2048 2162 2264 2202 Λευκίπποιο
2291 2161 2390 2212 no‘pau
2418 2180 2423 2186 ‘

1369 2221 1561 2251 vocantur.
1607 2211 1758 2258 ἰλέαιροι
1795 2214 1928 2259 vitiose
1967 2214 2132 2251 scribitur
2173 2214 2211 2251 in
2244 2215 2390 2261 'sabula

1341 2263 1542 2303 'Picturan
1570 2266 1680 2313 antiq.
1710 2265 1912 2302 Herculan.
1947 2265 1985 2302 ln
2020 2275 2090 2313 qua
2123 2274 2266 2302 amores
2301 2264 2389 2304 Cas-

1368 2317 1463 2354 toris
1496 2315 1530 2353 ἃ
1558 2316 1720 2353 Pollucis
1743 2315 1983 2361 exhibentur,
2013 2326 2081 2365 pro
2117 2315 2276 2363 Ἱλάειρα.
2299 2315 2390 2353 vide

1370 2368 1450 2407 Act.
1489 2367 1587 2415 Lips.
1617 2368 1719 2405 Νον.
1738 2368 1851 2405 mens.
1875 2367 1955 2417 Jan.
1980 2378 2090 2415 1759.
2117 2377 2195 2415 pag.
2215 2370 2252 2407 8.
2273 2365 2389 2418 Quod

1368 2428 1490 2457 autem
1515 2418 1575 2455 hic
1618 2418 1767 2456 Hilatra
1791 2416 1893 2469 soror
1917 2415 2077 2463 dicatur,
2115 2417 2390 2466 subintelligen-

1367 2470 1473 2515 dum,
1506 2470 1606 2507 soror
1642 2469 1815 2507 Phoebes
1834 2499 1843 2513 ,
1871 2479 1953 2506 nam
1989 2469 2143 2507 Phoebe
2170 2468 2205 2507 ὅ(
2241 2469 2389 2507 Hilaira

1367 2521 1548 2571 Leucippi
1580 2519 1695 2564 filiae,
1731 2518 1830 2558 unde
1864 2520 2042 2559 Phoeben
2077 2520 2299 2567 Leucippida
2326 2520 2389 2558 hic

1366 2581 1480 2612 vocat
1518 2571 1762 2621 Propertius,
1800 2582 1936 2609 uxores
1970 2572 2262 2615 Dioscurorum,
2303 2582 2390 2619 qua·

1366 2636 1446 2664 rum
1467 2633 1587 2663 tamen
1608 2622 1838 2661 matrimonia
1869 2625 1980 2670 poeta
2003 2623 2127 2662 noster
2169 2621 2386 2670 confundit,

1366 2687 1449 2715 narn
1465 2675 1618 2715 Phoebe
1635 2673 1794 2712 Pollucis
1809 2704 1819 2719 ‚
1849 2675 1995 2712 Hila’ira
2009 2673 2170 2712 Castoris
2188 2671 2260 2713 fuit
2280 2683 2387 2713 uxor.

1368 2726 1457 2765 vide
1477 2726 1686 2765 Pausaniam
1703 2725 1786 2764 Lib.
1809 2725 1877 2764 XI.
1906 2736 1985 2775 cap.
2007 2735 2068 2766 22.
2089 2736 2126 2774 p.
2149 2731 2232 2766 161.
2264 2726 2386 2774 Apol-

1365 2777 1485 2817 lodor.
1517 2778 1600 2816 Lib.
1630 2778 1698 2815 111.
1732 2777 1831 2815 Bibl.
1865 2787 1944 2826 cap.
1967 2777 2036 2814 XI.
2059 2775 2091 2825 §-
2119 2788 2154 2814 2.
2181 2776 2217 2818 ἃ,
2244 2777 2383 2826 Hygin.

1363 2830 1425 2869 fab
1458 2834 1515 2870 80.
1538 2829 1595 2866 cui
1620 2828 1753 2865 Ilairae
1775 2838 1913 2867 nomen
1942 2827 2041 2865 recle
2070 2838 2141 2876 pro
2169 2827 2282 2865 Laira
2306 2826 2389 2865 red-

1365 2881 1459 2920 didit
1484 2879 1670 2919 Heinsius,
1699 2877 1734 2916 &
1767 2879 1912 2918 Ovidio
1958 2879 2116 2917 Phoeben
2148 2877 2243 2916 hanc
2280 2879 2386 2916 resti-

1363 2931 1536 2982 tuendam
1559 2929 1749 2975 censebat,
1771 2930 1886 2979 Epist.
1904 2921 2022 2969 'VHL
2042 2940 2102 2979 77.

1364 3004 1493 3042 Flebat
1510 3014 1620 3049 avus,
1651 3001 1856 3052 Phoebeque
1865 2999 1982 3057 soror„
2001 2998 2202 3053 fratresque
2228 3001 2386 3053 gemelli.

1364 3073 1428 3112 ubi
1453 3074 1633 3115 Phoeben
1657 3083 1733 3111 non
1762 3072 1935 3111 Helenae
1966 3072 2130 3110 sororem
2149 3102 2159 3118 ,
2197 3071 2257 3111 sed
2289 3072 2390 3109 Leu-

1364 3126 1463 3175 cippi
1497 3125 1606 3162 filiam
1635 3124 1715 3162 aliis
1743 3124 1914 3172 vocari:
1924 3124 2081 3164 Patruus
2105 3134 2209 3163 meus
2231 3122 2391 3162 notavit.

1364 3176 1463 3216 idem
1492 3177 1556 3214 lib.
1575 3175 1632 3215 V.
1654 3175 1747 3216 Fast.
1768 3179 1858 3223 699,

1465 3228 1504 3270 D
1533 3239 1557 3267 2
2313 3223 2390 3264 Ab·
