2514 3626
301 314 412 386 632
528 312 1398 375 SEX.AVREL11
1471 294 2196 400 PR‘oPER'rr‘r

604 441 874 502 ‚Fallacem
916 444 1118 513 patriae
1156 444 1367 517 serpere
1402 451 1547 508 dixit
1583 471 1798 526 equum.

402 516 491 586 65.
544 517 642 574 Ille
687 517 839 571 furor
878 519 1079 586 patriae
1118 518 1226 574 fuit
1252 526 1435 590 utilis,
1480 530 1575 584 ille
1601 537 1829 603 parenti.

609 593 844 663 Experta
875 592 961 648 est
1001 608 1160 650 veros
1202 597 1353 655 irrita
1394 603 1576 676 ling-ua
1617 607 1787 666 Deos.

298 788 324 806 ,‚
353 758 512 811 Quaerit
543 759 680 798 Cicero
711 761 901 811 quomodo
929 771 1002 807 tam
1031 764 1150 804 subito
1183 773 1320 807 mutata

298 836 324 859 „
358 813 418 856 fit,
445 821 538 859 quae
558 819 644 850 ante
669 819 741 852 tam
769 814 932 855 modeste
950 828 993 855 ac
1010 816 1245 867 ¹virginaliter
1268 820 1323 857 lo·

298 889 323 907 „
355 861 565 910 quebatur?
607 863 706 911 quod
741 866 901 905 ostendit
935 866 1122 917 productis
1158 870 1281 908 verbis
1304 899 1317 917 ,

297 940 323 958 „
349 923 442 961 quae
463 913 588 962 paullo
608 923 693 954 ante
708 916 907 956 Cassandra
916 920 1230 968 ,pronuntiaverat
1254 919 1317 958 ad·

296 989 322 1009 „
352 963 425 1003 huc
447 964 499 1003 sui
518 973 678 1014 potens:
704 978 797 1016 quos
830 968 976 1019 quidem
1004 970 1130 1009 versus
1155 970 1320 1021 integros

298 1041 326 1061 ‚,
356 1015 427 1064 legi
450 1025 499 1054 eo
517 1016 630 1063 magis
651 1017 787 1064 refert,
810 1020 894 1069 quia
914 1029 1063 1058 teneros
1082 1021 1158 1060 esse
1177 1022 1210 1060 &
1227 1023 1322 1062 mol·

295 1093 322 1111 ‚‚
345 1065 406 1105 ³les
424 1065 458 1104 &
485 1075 670 1115 moratOS,
696 1069 768 1106 hoc
785 1071 837 1109 est
855 1071 989 1119 plenos
1002 1068 1104 1118 ἕως,
1122 1073 1201 1120 ipse
1224 1073 1320 1112 Tul-

296 1144 324 1168 „
352 1117 422 1155 lius
445 1117 643 1167 praedicat.
668 1120 729 1158 Sic
747 1119 858 1168 igitur
884 1131 951 1158 eos
976 1121 1165 1168 legemus:

342 1204 374 1226 ,n
402 1176 529 1215 Mater
553 1179 683 1225 optima
702 1205 712 1222 ,
752 1190 794 1215 ac
824 1185 867 1215 tu
889 1178 999 1216 multo
1017 1180 1146 1216 mulier
1174 1180 1297 1219 melior
1327 1223 1339 1237 x

533 1229 736 1271 mulierum,
788 1239 792 1242 ·

337 1306 370 1325 5,
399 1256 538 1329 Misera
542 1276 628 1328 sum
649 1275 896 1326 superstitiosis
918 1277 1214 1319 hariolationibus
1229 1311 1240 1328 ,

300 1374 302 1377 .
338 1329 370 1377 Q„
401 1328 536 1378 Meque
566 1329 692 1377 Apollo
714 1326 813 1379 fatis
827 1327 960 1380 fandis
987 1331 1178 1371 dementem
1201 1333 1299 1370 invi·

486 1406 512 1425 ,.
539 1386 613 1418 tam
634 1380 715 1417 ciet.

338 1459 371 1479 „
401 1430 571 1481 Virgines
586 1430 767 1477 aequales.
789 1432 974 1478 patris-me
989 1434 1058 1470 mei
1068 1430 1195 1481 fatam
1212 1432 1322 1479 pudet

343 1510 371 1529 „
405 1481 547 1528 Optima·
575 1482 670 1524 viri:
702 1491 778 1519 mea
798 1488 933 1528 mater,
958 1485 1017 1521 tui
1042 1494 1096 1521 me
1123 1481 1259 1534 miseret
1277 1511 1290 1532 ‚

482 1559 493 1576 ,
534 1532 603 1569 mei
641 1532 654 1568 i
683 1538 728 1568 et.

335 1609 371 1632 „„
404 1559 583 1632 Optiv'nam
597 1538 798 1632 figentem
822 1580 966 1622 Priamo
984 1580 1148 1633 peperisti
1165 1591 1268 1624 extra

343 1712 372 1733 ‚,
402 1632 939 1785 Meci'olzgiselegosscoe’ieffe,
959 1694 1013 1721 me
1038 1681 1189 1733 obstare,
1208 1674 1290 1729 illos

480 1761 505 1780 ‚‚
532 1746 549 1771 ο
587 1744 680 1781 equr.

348 1792 543 1836 caffandra
573 1789 688 1831 modo
729 1799 907 1837 matrem,
951 1790 1070 1831 modo
1103 1793 1313 1834 Androma-

285 1823 316 1895 ::
344 1836 469 1891 cham,
489 1842 610 1888 ,modo
630 1843 791 1893 virgines
809 1840 976 1890 ἰμῆλικας
992 1844 1311 1903 ‚alloquens,con·

293 1925 325 1947 ,‚
350 1898 515 1948 queritur
549 1896 682 1934 sortem
719 1895 842 1940 suam,
884 1895 982 1945 quod
1012 1904 1130 1935 invita
1162 1904 1314 1946 cogatur

291 1939 319 1997 ,',
345 1949 538 1991 enuntiare
561 1946 654 1986 mala
676 1945 750 1984 fata
769 1945 880 1994 patris
905 1957 948 1984 ac
967 1947 1126 1995 matris„
1141 1948 1316 1998 quodque

288 2029 315 2048 ‚‚
344 2011 393 2039 eo
421 1999 572 2038 nomine
600 1998 714 2035 invisa
740 1997 783 2036 fit
811 1997 995 2035 omnibus.
1018 2000 1077 2037 tui
1106 1996 1141 2036 &
1171 2002 1242 2038 mer·
1263 2001 1315 2039 le-

291 2077 320 2100 ‚‚
340 2043 465 2100 ‘genda
494 2060 562 2099 per
597 2047 765 2100 σωίξηαιν
782 2077 792 2093 ,
819 2056 861 2086 ut
893 2048 971 2088 fleri
995 2049 1102 2089 solet.
1132 2050 1241 2100 Quae
1259 2051 1315 2090 se.

286 2132 311 2151 „
341 2111 500 2151 quuntur
532 2101 570 2139 in
605 2100 734 2138 eadem
771 2099 982 2148 Tragoedia
1011 2129 1020 2145 ‚
1061 2102 1316 2149 pronuntiavit

291 2183 315 2202 ,.
350 2151 543 2192 Caffandra
564 2151 751 2201 postquam
781 2150 898 2189 afflari
923 2159 1110 2201 coeperat.
1145 2155 1190 2192 In
1219 2153 1312 2192 Ora·

290 2234 316 2253 „
344 2213 428 2249 tore
440 2204 639 2245 ¹‚Ciceronis
661 2200 790 2252 fatam
814 2202 942 2250 pudet,
958 2212 1041 2251 *pro
1060 2201 1224 2253 fatorum
1251 2204 1308 2243 le·

291 2285 318 2304 ‚,
343 2255 501 2306 gendum
525 2262 638 2304 pum,
663 2254 786 2297 deleta
814 2264 910 2296 voce
942 2266 1106 2294 meorum.
1143 2256 1204 2294 cui
1231 2266 1309 2294 non

293 2334 321 2354 ⁹.
349 2307 465 2350 video
489 2307 551 2357 qui
575 2305 636 2343 hic
658 2305 760 2345 locus
784 2304 839 2349 fit.
862 2304 955 2346 haec
979 2314 1104 2345 autem
1134 2307 1198 2345 vel
1219 2306 1310 2346 ideo

289 2361 328 2399 in
353 2360 535 2410 specimen
569 2356 694 2396 harum
732 2356 858 2397 Grotii
893 2359 932 2395 in
970 2357 1185 2407 Fragmenta
1213 2357 1277 2397 ista
1297 2387 1308 2405 ,

291 2412 416 2451 multis
446 2408 590 2450 mendis
619 2408 738 2447 adhuc
768 2406 902 2453 oblita,
929 2407 1223 2447 Adnotationum
1251 2409 1312 2447 hic

289 2462 444 2511 adduxi,
472 2462 556 2518 quia
576 2461 614 2499 in
639 2460 712 2498 istis
736 2457 898 2498 verssbus
926 2459 1190 2498 constituendis
1210 2461 1309 2500 Tur·

285 2515 404 2554 nebus
420 2545 433 2563 ,
463 2512 681 2558 Lambinus,
698 2510 833 2561 aliique
858 2509 1052 2550 admodum
1072 2509 1306 2551 desudarunt.

346 2581 408 2624 64.
435 2576 612 2619 ,Fallacem
634 2572 773 2619 patriae
786 2568 929 2620 strpere
953 2568 1053 2607 dixit
1072 2568 1215 2628 equum]
1223 2567 1309 2621 sepe

292 2626 434 2664 reduxit
472 2627 510 2664 in
547 2620 792 2670 Askewienfi.
828 2621 865 2658 in
895 2631 971 2671 quo
1004 2630 1052 2658 ne
1079 2620 1165 2669 quid
1192 2621 1308 2660 latere

295 2676 480 2721 videatur,
508 2673 691 2719 sciendum
708 2671 794 2715 est.
823 2671 929 2717 fimili
954 2671 1151 2720 scripturae
1179 2683 1309 2711 errore

293 2727 344 2765 ita
367 2734 549 2766 exaratum
578 2724 685 2769 fuisse
710 2735 729 2761 a
756 2723 929 2770 librario,
955 2724 1018 2773 qui
1053 2723 1134 2769 Lib.
1165 2725 1214 2769 11„
1245 2724 1306 2762 El.

295 2789 359 2816 20.
387 2780 423 2815 6.
449 2784 547 2825 terga
572 2777 710 2813 revexit
729 2776 826 2820 ovis,
852 2786 924 2825 pro
944 2774 1080 2825 tergore
1106 2776 1208 2815 ‘rexit
1226 2803 1236 2818 ,
1268 2783 1309 2814 ut

293 2828 403 2876 saepe
422 2826 507 2862 alibi
524 2828 632 2866 etiam
652 2836 840 2873 peccatum
859 2826 922 2865 est.
944 2823 1164 2876 proserpere
1183 2825 1303 2864 Hein-

295 2879 365 2917 ssus
387 2877 594 2922 conjecerat
604 2875 772 2925 surgere,
802 2878 862 2915 vel
887 2878 1023 2926 patriae
1040 2878 1204 2925 irrepere.
1226 2876 1305 2914 Co-

291 2930 489 2979 gitaveram
523 2927 716 2974 aliquando
736 2927 913 2976 scandere.
942 2936 981 2966 ut
1000 2926 1097 2977 apud
1123 2929 1223 2976 Virg.
1252 2928 1304 2966 11.

279 3007 285 3011 .
296 2982 394 3020 Aen,
416 2988 503 3024 237.
517 2974 659 3026 scandit
667 2975 799 3023 fatalis
826 2979 988 3017 machina
1015 2991 1142 3018 muros.
1170 2976 1232 3020 sed
1249 2977 1306 3015 ni-

293 3032 345 3070 hil
376 3022 497 3079 potius
530 3025 752 3066 tentandum.
788 3037 870 3065 nam
907 3028 1006 3068 forte
1034 3029 1178 3080 serpere
1204 3058 1215 3076 ‚
1258 3028 1306 3066 ab

287 3081 427 3132 ἤσκειν,
454 3079 516 3117 hic
545 3076 839 3125 significationem
865 3080 975 3117 habet
992 3083 1036 3122 75
1063 3082 1139 3127 ire,
1167 3081 1304 3125 venire,

296 3129 339 3172 ut
365 3133 472 3179 saepe
498 3128 593 3177 apud
625 3128 811 3171 Graecos,
832 3126 879 3164 de
911 3140 985 3176 quo
1008 3129 1093 3169 vide
1120 3133 1307 3183 Cupexum

299 3185 382 3223 Lib.
409 3185 438 3223 1.
469 3180 627 3221 Observ.
642 3189 727 3227 cap.
753 3189 789 3218 2.
813 3188 933 3232 prope
951 3178 1074 3228 finem.

2139 649 2407 759 mae.

1424 776 1486 820 65.
1517 774 1588 813 Ille
1609 775 1723 827 furor
1739 784 1880 829 patriae
1894 783 1981 836 fuit
1998 786 2126 835 utilis,
2152 790 2214 829 ille
2227 794 2393 849 parenti]

1368 821 1667 874 interrogationis
1695 830 1833 881 signum
1865 837 1903 875 in
1933 837 2009 877 fine
2033 838 2141 886 hujus
2167 843 2292 881 versus
2326 856 2398 895 po-

1370 873 1531 933 nendum
1565 881 1692 920 censet
1725 887 1893 927 eruditus
1924 891 2122 929 Britannus
2160 890 2201 943 in
2229 888 2392 935 observ.

1372 926 1531 965 Miscell.
1555 930 1648 969 ⁴Vol.
1672 934 1724 971 Π.
1748 935 1799 978 Τ.
1818 951 1855 978 1.
1877 950 1959 989 pag.
1981 950 2071 987 113.
2097 942 2181 990 quIa
2206 942 2313 986 furor
2332 946 2400 986 ille
2464 975 2468 980 -

1374 975 1694 1041 Caffandraemon
1712 984 1785 1029 fuit
1802 989 1902 1028 utilis
1923 993 2066 1041 patriae
2089 991 2150 1030 sed
2167 993 2290 1037 ‚fatalis
2304 1027 2314 1043 ,
2335 1009 2407 1038 ne·-

1371 1037 1611 1087 queparentr
1628 1034 1790 1078 Priamo.
1815 1039 1878 1079 sed
1902 1041 1942 1080 in
1969 1049 2058 1081 nota
2084 1042 2248 1093 adpofita
2268 1047 2400 1087 D’Or-

1373 1079 1497 1118 villius
1516 1079 1598 1131 fuit
1617 1089 1864 1140 exponiepro
1890 1100 1966 1130 erat
1991 1093 2052 1131 vel
2063 1093 2222 1147 sufflet,
2251 1098 2277 1136 fi
2298 1099 2402 1138 Tro·

1370 1126 1707 1218 {zrtliiuspaffandrae
1742 1140 1998 1190 credidiffent,
2029 1142 2066 1182 dt
2087 1143 2137 1183 fic
2165 1145 2248 1185 fere
2274 1149 2402 1192 Paffe-

1420 1260 1490 1297 66.
1521 1257 1683 1321 Experta
1701 1260 1750 1314 est
1769 1277 1868 1307 veros
1892 1270 1999 1309 irrita
2018 1271 2149 1324 lingua
2169 1274 2284 1327 Deos]
2301 1275 2403 1328 seros

1373 1317 1450 1366 pro·
1463 1320 1559 1348 veros
1578 1311 1697 1371 edidit
1713 1316 1963 1360 Broukhuiius
1979 1332 2028 1362 ex
2045 1326 2266 1373 conjeetura.
2283 1328 2402 1381 Quod

1373 1357 1532 1398 Hemfio
1544 1370 1653 1403 etiam
1667 1365 1853 1416 placebat,
1865 1370 1901 1409 ὅτ
1914 1382 2107 1422 praeterea
2125 1377 2193 1415 Sed
2199 1376 2322 1429 spreta
2334 1377 2400 1429 est.

1362 1405 1462 1458 μενος
1483 1420 1618 1461 nernpe
1641 1415 1741 1456 Deos
1758 1421 1904 1463 invenit
1927 1425 2048 1472 irrita,
2062 1426 2124 1466 seu
2142 1438 2219 1467 non
2238 1430 2401 1479 credita,

1374 1458 1593 1501 Cassandrae
1615 1468 1842 1511 vaticinatio.
1868 1471 1963 1514 infra
1994 1478 2081 1517 Lib.
2108 1480 2179 1519 IV.
2199 1481 2261 1522 El.
2281 1493 2314 1522 1.
2336 1494 2400 1532 51,

1424 1539 1507 1577 Aut
1514 1537 1552 1588 fi
1565 1541 1778 1590 Pergameae
1787 1545 1871 1596 sero
1891 1559 1970 1589 rata
1990 1557 2146 1594 carmina
2169 1560 2264 1596 vatis

1437 1592 1438 1598 ’
1473 1589 1706 1643 Longaevum
1723 1597 1770 1634 ad
1793 1597 1937 1641 Priami
1959 1603 2164 1657 verasuere
2182 1615 2303 1659 caput.

1368 1659 1475 1708 Virg.
1501 1660 1548 1699 V.
1579 1661 1678 1702 Aen.
1707 1673 1796 1715 524.

1419 1730 1571 1781 Senque
1589 1730 1739 1781 terrifici
1756 1736 1958 1777 cecinerunt
1975 1743 2090 1781 omina
2111 1751 2221 1786 rates.

1365 1805 1415 1844 sic
1436 1803 1490 1846 de.
1501 1803 1718 1855 Amphione
1736 1798 1770 1845 ἃ
1790 1807 2060 1863 Zetb0,Jovis
2082 1815 2165 1857 filiis
2186 1819 2270 1858 sero
2288 1821 2390 1872 agni-

1367 1857 1437 1903 tis,
1467 1856 1565 1896 infra
1587 1854 1646 1896 El.
1673 1857 1782 1897 xm.
1812 1869 1877 1908 35.
2050 1874 2053 1878 ·

1417 1925 1504 1967 Sera
1525 1934 1642 1967 tamen
1656 1929 1773 1977 pietas
1787 1958 1798 1976 ,
1823 1932 1922 1971 natis
1930 1929 1987 1982 est
2003 1938 2170 1987 cognitus
2189 1950 2314 1979 errors

1364 2011 1463 2038 veros
1483 2007 1606 2039 tamen
1635 2006 1784 2038 tuentur
1811 2000 1977 2042 omnium
2008 2005 2105 2056 apud
2131 2018 2193 2046 me
2225 2008 2394 2053 codicum

1364 2051 1568 2098 Excerpta,
1595 2050 1631 2089 ἃ
1652 2049 1837 2090 editiones
1853 2054 2014 2102 primae,
2041 2068 2084 2096 ac
2107 2059 2235 2100 Volsci
2253 2060 2293 2100 in
2310 2064 2390 2112 qui-'-

1362 2102 1432 2139 bus
1467 2101 1626 2149 Experto
1656 2113 1771 2147 veros,
1808 2102 2008 2145 deficiente
2047 2105 2108 2157 est.
2137 2112 2241 2162 utin
2261 2115 2395 2162 quinto

1364 2151 1558 2192 Vaticano.
1588 2151 1649 2190 sed
1670 2152 1707 2189 in
1730 2152 1899 2201 Aldinis,
1924 2158 2128 2208 ceterisque
2158 2162 2317 2210 Expert‘a
2340 2161 2391 2215 est

1364 2215 1471 2244 veros.
1495 2203 1619 2252 itaque
1643 2203 1780 2252 recepi.
1804 2204 1900 2244 infra
1923 2208 2011 2248 Lib.
2035 2210 2107 2249 IV.
2134 2211 2195 2251 El.
2217 2225 2250 2253 1.
2271 2224 2338 2264 94.

1410 2277 1552 2319 Fatales
1571 2279 1694 2326 pueri,
1721 2278 1790 2316 duo
1800 2277 1940 2329 funera
1960 2284 2085 2321 matris
2107 2297 2258 2335 avarae,

1465 2330 1558 2369 Vera
1571 2357 1583 2375 ‚
1595 2327 1664 2379 sed
1685 2330 1818 2375 invito,
1845 2334 2000 2384 contigit
2022 2331 2091 2383 ista
2106 2333 2216 2383 fides.

1361 2419 1444 2448 vera
1469 2413 1566 2446 vates
1591 2405 1736 2445 Ovidio
1768 2408 1884 2458 Epist.
1915 2411 1964 2448 V.
2005 2421 2090 2461 123.
2135 2416 2201 2454 Ah
2235 2418 2389 2460 nimium

1359 2467 1456 2498 vates
1473 2457 1613 2510 miserae
1630 2457 1721 2495 mihi
1737 2470 1818 2496 vera
1828 2452 1957 2508 fuisti.
1976 2461 2011 2500 δι
2029 2464 2145 2514 Epist.
2166 2467 2275 2509 XVI.
2297 2480 2388 2519 123.

1366 2512 1458 2550 Vera
1481 2508 1569 2561 fui-t
1613 2517 1721 2546 vates.
1762 2510 1873 2549 ditias
1905 2513 2106 2553 invenimus
2144 2518 2266 2568 ignes.
2298 2521 2387 2561 binc

1360 2559 2257 2668 verugeplroEv‘eigdigioffltvftiiipgndgipetritostdtzt
2288 2572 2387 2622 apud

1360 2624 1444 2652 eum
1670 2639 1679 2649 .
1845 2643 1854 2653 .
1967 2644 1976 2653 .
2123 2631 2146 2658 a
2244 2633 2263 2660 s
2301 2635 2325 2661 ν

1361 2662 1434 2712 est,
1461 2661 1558 2715 quod
1588 2624 1656 2712 pro
1687 2662 1856 2703 veridico
1886 2665 1957 2709 viri
1986 2630 2094 2707 doftiq
2108 2635 2385 2721 exponunt-etri}

1363 2716 1520 2755 Terent.
1549 2712 1646 2752 And.
1673 2715 1723 2754 Π,
1757 2725 1792 2762 ς.
1830 2726 1889 2764 12·
1916 2716 2003 2756 Sum
2031 2732 2153 2767 verus,
2182 2722 2219 2760 id
2238 2724 2311 2777 est,
2341 2733 2384 2774 ut

1358 2767 1532 2806 Donatus
1557 2765 1816 2812 interpretatur
1831 2796 1842 2813 ‚
1869 2769 2049 2809 veridicus
2062 2770 2160 2823 sum.
2198 2774 2273 2814 vid.
2307 2777 2388 2816 s'al-

1358 2817 1457 2866 mafii
1479 2824 1603 2856 notam
1631 2816 1676 2855 ad
1708 2817 1824 2857 Plauti
1843 2819 1932 2857 Mil.
1954 2821 2064 2860 Glor.
2089 2824 2158 2862 lv.
2186 2828 2222 2866 8.
2259 2837 2321 2873 57.
2347 2827 2384 2867 δε

1356 2880 1451 2919 quae
1471 2869 1597 2906 notavi
1621 2867 1665 2905 ad
1693 2869 1778 2910 Lib.
1798 2871 1829 2907 1.
1859 2870 1919 2909 El.
1945 2881 1982 2917 9.
2013 2883 2046 2920 7.
2073 2884 2139 2922 per
2161 2887 2257 2917 veros
2282 2875 2381 2925 Dens

1356 2920 1522 2968 intellige
1543 2919 1726 2967 Apollinis
1747 2920 1814 2958 hac
1828 2918 1876 2959 de
1897 2932 1939 2959 re
1954 2924 2139 2964 oraculum
2164 2926 2380 2968 Caffandrae

1356 2970 1636 3023 praescriptum,
1660 2978 1701 3008 ut
1731 2971 1769 3009 in
1797 2972 2006 3020 fragmento
2038 2975 2187 3025 Tragici
2207 2980 2378 3027 poetae.

1357 3023 1461 3074 supra
1477 3020 1654 3072 producto
1672 3032 1720 3060 ex
1741 3023 1864 3062 Cicer.
1885 3025 1916 3062 1.
1937 3023 1984 3062 de
2004 3025 2124 3066 Divin
2145 3039 2225 3078 cap.
2245 3039 2309 3069 απ.

1413 3100 1473 3139 Ibi
1491 3110 1535 3138 ex
1560 3100 1670 3137 oraclo
1695 3110 1774 3138 voce
1797 3100 1922 3139 divina
1943 3100 2058 3139 edidit
2083 3103 2210 3150 Apollo
2236 3100 2307 3143 &a

1360 3176 1423 3223 vel
1441 3184 1554 3219 vocem
1578 3172 1758 3226 divinam,
1785 3180 1827 3213 ut
1847 3173 1938 3231 legit
1961 3173 2146 3223 Davifius,
