2514 3626
281 297 385 359 862

505 282 2169 372 SEX.AVREL11PROPERT11

506 430 812 501 Lygdamus
856 427 920 481 ad
962 427 1220 496 cyathOS‚
1253 430 1499 499 'vitrique
1542 433 1747 495 aestiva.
1782 434 2061 508 supellex,

585 506 658 558 Et
696 502 1077 571 Methymnaei
1120 502 1278 572 Graja
1318 503 1480 560 saliva
1516 511 1672 564 meri.

2201 589 2262 644 N
2265 545 2367 645 ilo-

274 727 377 768 berlm
387 730 417 790 ‘3-
432 738 536 779 quam
555 727 749 787 leelionem
769 727 1036 778 Interpretibus
1054 727 1143 767 olim
1164 726 1310 777 proba-2
1345 699 1596 774 sensu-cubare
1614 703 1852 781 delaccubitu
1871 735 1915 774 ad
1935 704 2115 784 mensam,
2130 736 2168 776 in
2189 736 2276 785 loce
2295 737 2364 777 Ti-

273 788 345 818 tam
370 792 495 819 miror.
523 779 686 827 Scaliger
704 786 829 825 notat,
854 782 956 819 nulla
975 787 1049 819 erat
1073 780 1178 821 herba
1193 808 1204 825 ,
1231 778 1293 819 sed
1344 781 1436 820 bulli
1455 783 1542 822 Lib.
1562 784 1593 822 1.
1614 783 1673 824 El.
1699 796 1734 834 7.
1758 797 1818 835 17.
1846 786 1879 830 &
1905 788 2005 837 seqq.

271 832 570 879 proverbialiter.
589 829 722 869 dictum
758 829 857 877 effe,
907 840 949 870 ut
978 830 1157 871 Chloridos
1187 830 1293 870 herba

270 879 377 928 supra
398 881 455 921 El.
478 891 601 931 praec.
625 893 661 918 v.
692 893 752 929 72.
781 880 819 920 id
853 881 982 923 irridet
1006 881 1154 933 quidem
1173 880 1291 920 Pass‘e-

267 933 402 977 ratius,
433 932 493 972 sed
510 933 590 982 ipse
612 932 702 971 nihil
730 933 861 972 melius
886 933 1019 972 adfert.
1047 932 1205 981 Vulpius
1236 933 1290 970 in·

266 983 455 1033 telligebat
478 994 600 1024 torum
635 994 683 1024 ex
713 984 828 1023 herba
855 983 1108 1024 constructum.
1133 991 1175 1040 ut
1203 983 1288 1023 Lib.

264 1033 334 1075 ΠΙ,
360 1035 432 1076 XI.
462 1040 525 1084 36.
564 1049 570 1055 ·

317 1119 475 1184 Altaque
497 1124 616 1163 nativo
639 1130 794 1161 creverat
815 1123 920 1161 herba
938 1128 1023 1159 tore.

262 1201 323 1240 cui
354 1199 594 1250 explicationi
631 1208 708 1236 non
736 1195 967 1235 conveniunt
1007 1191 1131 1230 valvae
1148 1220 1159 1238 ,

261 1258 442 1291 memorat
472 1261 510 1288 v.
540 1262 600 1296 51.
637 1255 727 1286 totas
756 1245 934 1298 resupinat
968 1243 1123 1292 Cynthia
1147 1243 1280 1282 valvas.

261 1313 309 1341 an
343 1313 409 1351 per
434 1301 514 1339 illas
540 1300 641 1339 horti
664 1299 796 1346 januae
826 1294 1116 1344 intelligendae?
1141 1293 1203 1332 An
1229 1292 1282 1331 le·

256 1353 415 1401 gendum
427 1351 561 1403 secreto
582 1352 677 1389 horto
702 1350 762 1388 vel
787 1343 899 1387 a‘rvo?
915 1357 997 1384 nam
1017 1344 1197 1384 indicatur
1219 1343 1280 1381 hic

256 1404 361 1442 iocus
390 1415 410 1441 a
429 1401 543 1441 domo
569 1401 757 1450 Propertii
785 1399 982 1438 remotior.
1012 1396 1087 1436 Sed
1120 1394 1281 1446 praestat

256 1466 339 1493 cum
357 1455 411 1493 N.
435 1452 593 1492 Heinsio
611 1452 697 1491 Lib.
720 1453 752 1491 1.
771 1449 930 1490 Advers.
951 1458 1030 1497 cap.
1054 1458 1090 1493 3.
1112 1457 1193 1496 pag.
1214 1456 1278 1492 24.

257 1504 302 1544 ὅτ’
326 1507 364 1543 in
401 1505 518 1546 Notis
557 1504 726 1552 Propert.
767 1513 803 1551 p.
844 1510 929 1548 754.
955 1499 1092 1548 secreta
1130 1497 1282 1534 testulus

257 1556 393 1594 umbra.
420 1563 462 1594 ut
486 1564 558 1603 pro
590 1552 804 1590 umbraculo
834 1550 894 1587 vel
920 1547 1085 1585 tentorio
1103 1547 1279 1595 capiatur.

254 1604 384 1643 eadem
405 1602 573 1642 confusio
600 1602 695 1640 infra
726 1612 763 1639 ν.
795 1610 855 1648 75.
890 1597 947 1643 Tu
974 1608 1084 1645 neque
1112 1596 1279 1645 Pompcy‘a

240 1656 440 1707 spatiabere
475 1656 593 1697 cultus
620 1656 659 1690 in
692 1652 825 1689 umbra.
851 1650 913 1686 ubi
948 1650 1058 1686 etiam
1091 1647 1198 1684 herba
1237 1648 1276 1683 in

255 1706 372 1745 MSS.
397 1704 431 1742 &
455 1705 504 1743 ita
527 1703 598 1740 hae
623 1711 736 1739 voces
759 1699 944 1736 variantur
972 1698 1009 1735 in
1033 1695 1151 1735 MSS.
1179 1693 1276 1743 apud

259 1755 371 1795 Ovid.
402 1756 472 1793 Ill.
499 1756 547 1792 A.
582 1752 631 1790 A.
668 1758 754 1797 694.
791 1750 840 1788 X.
876 1749 974 1787 Met.
998 1756 1086 1794 533.
1113 1743 1147 1784 &
1170 1745 1276 1795 Virg.

254 1806 336 1846 Ecl.
359 1807 430 1845 111.
458 1814 516 1851 55.
546 1803 610 1841 ubi
632 1802 719 1841 vide
737 1800 860 1839 Patrui
891 1800 964 1836 mei
986 1806 1106 1836 notas.
1135 1797 1276 1835 umbras

250 1867 346 1894 vero
377 1866 449 1906 pro
475 1853 718 1893 tabernaculis
742 1850 832 1901 poni
855 1858 958 1900 patet
982 1861 1028 1888 ex
1052 1847 1185 1891 Fest0,
1210 1847 1290 1885 ubi‹

253 1906 342 1946 dicit
363 1935 374 1952 ‚
425 1906 576 1945 Umbrae
613 1905 824 1942 vocabantur
863 1899 1132 1948 Neptunalibus
1176 1896 1274 1950 cusae

241 1957 415 2008 frendeae
441 1965 501 2005 pro
527 1955 774 1994 tabernaculis.
802 1952 836 1990 ἃ
868 1953 1007 1992 umbras
1037 1946 1108 1988 ffici
1138 1959 1274 1988 merca·

254 2018 374 2048 torum
401 2011 539 2054 οκῖιας,
567 2005 629 2044 seu
646 2003 898 2049 tabernacula,
912 2003 962 2051 ‚in
981 2001 1111 2051 quibus
1131 2010 1273 2039 merces

249 2058 530 2108 exponebantur
550 2087 562 2104 ‚
597 2055 710 2095 docet
749 2055 901 2093 Casaub.
935 2052 980 2090 ad
1023 2051 1272 2099 Theophrast.

249 2110 415 2150 Charaet.
453 2120 536 2160 pag.
569 2119 656 2157 335.
691 2106 726 2145 &
753 2104 806 2144 ‘ad
835 2104 1069 2144 Athenaeum
1101 2103 1184 2141 Lib.
1219 2103 1271 2141 V.

248 2171 326 2211 cap.
359 2166 396 2201 6.
422 2161 602 2199 trit-hilam
632 2164 742 2195 vocat
772 2156 895 2195 auc‘tor
927 2155 1058 2203 Copae
1082 2165 1121 2192 v.
1159 2158 1195 2196 8.
1222 2153 1275 2191 Et

248 2213 392 2251 trichila
410 2208 616 2260 umbriferis
631 2206 782 2259 frigida
807 2205 1057 2245 arundinibus.
1086 2203 1150 2244 ubi
1168 2203 1274 2254 plura

248 2261 295 2301 ad
325 2262 423 2301 hunc
445 2261 566 2300 locum
597 2259 735 2305 notavi.
762 2259 909 2297 minore
938 2256 1045 2294 versu
1068 2256 1276 2294 concubitus

249 2323 327 2352 non
346 2312 393 2352 de
412 2313 513 2351 coitu
545 2310 727 2354 libidinis,
753 2308 817 2348 sed
843 2306 893 2347 de
911 2305 1043 2344 ordIne
1065 2299 1211 2354 jacendi
1235 2306 1275 2344 in

249 2373 336 2404 toro
376 2361 579 2414 conviyiali
615 2359 876 2409 intelligendus
899 2384 915 2407 ,
954 2357 1051 2397 inter
1083 2363 1274 2406 utramque

247 2417 347 2455 enim
382 2413 542 2454 medium
558 2441 569 2459 ,
589 2411 676 2451 loco
696 2411 833 2461 quippe
861 2409 1103 2447 honoratiore
1118 2437 1130 2454 ‚
1158 2407 1276 2458 seacf

247 2464 409 2505 cubuisse
439 2465 582 2510 innuit,
621 2470 663 2503 ut
692 2460 793 2502 recle
823 2460 1000 2511 explicuit
1033 2458 1269 2508 Passeratius,

247 2516 356 2566 idque
381 2516 518 2565 docent
545 2513 750 2563 sequentia,
788 2512 827 2550 in
865 2509 997 2560 quibus
1030 2508 1112 2556 post
1143 2507 1272 2556 epulas

249 2567 344 2606 inter
366 2569 452 2607 vina
474 2573 586 2605 notae
615 2560 797 2614 melioris,
827 2561 862 2601 &
888 2560 1126 2598 instrumenta
1151 2558 1271 2596 tibici-

249 2617 325 2661 nis,
352 2617 611 2664 crotalistriae,
637 2613 680 2654 a'c'
706 2614 819 2654 tibiae
843 2624 865 2651 a
885 2610 1090 2660 pumilione
1118 2608 1270 2658 saltante

180 2671 182 2673 “
247 2665 415 2712 inflatae,
442 2669 593 2719 cyathos
620 2665 849 2706 ministrante
867 2660 1081 2711 Lygdam0·‚
1106 2661 1270 2708 peractas

248 2715 294 2753 ad
322 2717 424 2755 aleae
452 2719 565 2757 lusum
593 2718 714 2768 pergit
733 2742 748 2764 ‚
784 2725 893 2764 quem
927 2714 1024 2751 inter
1046 2709 1136 2758 dum
1166 2712 1270 2749 vocis

245 2774 375 2811 cantu,
402 2765 437 2804 ἃ
462 2768 600 2807 nudato
630 2769 780 2818 pectore
801 2776 885 2804 eum
906 2762 953 2801 ad
970 2761 1187 2812 ampliorem
1205 2772 1270 2798 vo-

247 2816 425 2866 luptatem
450 2816 609 2856 adlicere
638 2824 779 2857 tentant
807 2815 985 2860 scortilla,
1014 2812 1134 2853 subito
1159 2812 1272 2850 inter-

245 2868 425 2907 veniente
457 2865 878 2917 Cynthiadeprenditur
906 2868 1035 2910 miser,
1064 2864 1174 2912 eique
1199 2872 1271 2899 vo-

246 2917 395 2968 luptatis
420 2918 503 2956 suae
524 2928 662 2966 poenas
686 2918 748 2956 dat
761 2947 770 2962 ‚
786 2929 887 2965 ‚pace
906 2927 984 2954 non
1002 2913 1270 2962 redintegrata,

246 2967 316 3006 nifl
343 2978 454 3017 quum
489 2967 718 3017 persolviffet
751 2966 815 3012 id,
866 2966 966 3015 quod
1004 2966 1103 3004 illam
1138 2966 1272 3012 capere

249 3016 467 3068 oportebat,
495 3015 558 3056 sed
582 3019 808 3067 intercipere
830 3017 1035 3056 maluiss‘ent
1060 3016 1131 3054 hae
1151 3014 1270 3053 Tha'i-

246 3068 326 3108 des.
352 3068 387 3107 δε
420 3068 470 3107 ita
496 3069 599 3107 hunc
633 3069 777 3109 versum
809 3066 1086 3116 intelligendum
1123 3066 1271 3104 monuit

246 3118 498 3162 Broukhufius
522 3117 567 3158 ad
599 3118 709 3167 hujus
734 3117 831 3169 ‘Lib
860 3118 920 3158 El.
944 3128 979 3158 1.
1007 3129 1046 3159 v.
1069 3128 1107 3166 4.
1136 3114 1274 3156 eodem

1195 1200 1285 1243 quas

1394 871 1483 911 Neu
1497 873 1649 923 juvenes
1664 875 1810 914 celebret
1827 877 1935 915 multo
1942 875 2102 928 J‘emone
2121 886 2261 926 cavet03

1446 923 1548 961 Neve
1567 925 1669 962 cubet
1684 927 1767 964 laxo
1787 927 1910 972 peuus
1926 936 2045 975 aperta
2055 927 2157 978 finu.

1398 972 1485 1012 Neu
1510 981 1545 1011 te
1569 975 1724 1022 decipiat
1750 985 1863 1024 nutu,
1890 978 2071 1029 digitoque
2088 982 2256 1031 liquorem

1443 1024 1507 1077 Ne
1523 1024 1661 1071 trahat,
1691 1023 1743 1072 ἐξ
1765 1027 1897 1079 mensae
1922 1030 2029 1068 ducat
2045 1032 2085 1068 in
2111 1033 2188 1069 orbe
2214 1031 2335 1070 notas)
2356 1034 2363 1072 i

1339 1107 1433 1146 tales
1456 1109 1592 1156 epulast
1603 1096 1675 1147 sub
1691 1114 1858 1159 tentorio
1880 1115 1975 1152 aeas
1991 1115 2166 1157 describit
2185 1118 2366 1158 Tibullus:

1334 1159 1424 1199 Lib.
1445 1159 1495 1198 11.
1521 1157 1580 1198 El.
1605 1169 1639 1206 5.
1666 1170 1731 1207 95.
1763 1161 1862 1212 seqq.

1391 1242 1430 1283 T
1425 1255 1493 1283 unc
1516 1251 1654 1306 operata
1673 1246 1752 1287 Deo
1771 1250 1882 1297 pubes
1896 1249 2087 1302 discumbet
2104 1253 2143 1291 in
2166 1252 2295 1301 herba,

1438 1296 1590 1334 Arboris
1605 1300 1769 1347 antiquae
1787 1311 1855 1349 qua
1873 1302 1962 1340 levis
1985 1305 2107 1341 umbra
2126 1304 2236 1342 cadit.

1383 1350 1467 1386 Aut
1480 1358 1503 1407 ‘e
1524 1345 1615 1396 veste
1629 1347 1704 1400 sua
1725 1351 1876 1389 tendunt
1892 1354 2096 1392 umbracula
2103 1353 2218 1405 sertis

1412 1404 1414 1407 “
1440 1397 1591 1445 γιηῢα,
1620 1409 1802 1441 coronatus
1814 1398 1929 1450 stabit
1954 1401 2003 1450 &³
2026 1412 2106 1443 ante
2122 1407 2234 1446 calix.

1383 1451 1441 1487 At
1456 1446 1537 1509 fibi·
1546 1449 1689 1509 quisque
1714 1453 1818 1500 dapes
1842 1450 2021 1503 &festas
2042 1453 2199 1504 exstruet
2219 1457 2306 1497 alte.

1437 1497 1631 1549 cespitibus
1655 1502 1808 1552 mensas,
1833 1504 2084 1557 cespitibusque
2105 1514 2234 1548 torum.

1329 1582 1394 1622 ubi
1417 1581 1582 1622 fimiliter
1607 1583 1713 1623 herba
1733 1583 1768 1622 ὅ(
1796 1588 1920 1626 umhra
1942 1589 1983 1626 in
2013 1588 2122 1629 codd.
2142 1592 2261 1633 MSS.
2288 1570 2352 1633 fla·-

1327 1634 1464 1680 riatur,
1487 1635 1526 1671 in
1546 1635 1678 1682 quibus
1697 1636 1852 1685 legitur,

1457 1737 1592 1752 ---
1619 1719 1810 1772 discumbet
1827 1723 1867 1760 in
1893 1726 2016 1763 umbra

1380 1771 1530 1810 Arboris
1549 1773 1735 1821 antiquae,
1762 1783 1831 1822 que
1855 1774 1944 1813 levis
1967 1775 2063 1815 unda
2088 1777 2201 1817 cadet.

1324 1857 1424 1916 quod
1445 1870 1494 1898 ex
1509 1858 1585 1897 alio
1605 1858 1751 1898 Tibulli
1775 1859 1864 1899 loco
1880 1861 2150 1911 interpolatum
2169 1865 2271 1906 reste
2286 1877 2346 1907 re-

1323 1911 1414 1956 jecit
1438 1909 1706 1953 Broukhufius.

1374 2001 1466 2073 ⁴37.v
1639 2031 1642 2036 '
1726 2024 1879 2075 vimque
1901 2023 2035 2077 aestiva
2048 2007 2238 2079 suphian,
2259 2022 2261 2024 ’

1482 2074 1534 2113 Et
1553 2075 1801 2125 Methymnaei
1828 2076 2073 2129 Grajaseliva
2097 2080 2216 2131 mera]

1326 2158 1374 2197 fic
1395 2159 1536 2208 optime
1553 2159 1787 2217 emendatum
1811 2171 1833 2199 a
1852 2161 2042 2212 Scaligero
2062 2174 2132 2212 pro
2150 2165 2280 2205 vitiosa
2304 2165 2351 2204 li-

1326 2210 1476 2249 brorum
1503 2209 1718 2258 scriptorum
1748 2210 1783 2249 &
1806 2210 1990 2251 editorum
2020 2214 2178 2253 lefflone
2209 2217 2352 2266 utrique

1326 2257 1470 2310 aestiva.
1507 2258 1606 2309 quod
1636 2260 1676 2298 in
1709 2261 1881 2299 omnibus
1916 2264 2008 2300 meis
2044 2271 2211 2303 veterum
2237 2264 2350 2306 codd:

1330 2311 1531 2360 Excerptis
1548 2311 1658 2350 etiam
1680 2311 1806 2350 exstat.
1834 2319 1979 2360 uterque
1998 2315 2121 2352 extimi
2138 2319 2349 2365 corruptius

1325 2363 1366 2400 in
1406 2371 1494 2400 meo
1526 2360 1698 2400 secundm
1749 2360 1812 2400 sed
1844 2364 1998 2412 vitiique
2025 2361 2157 2412 aestiva
2179 2364 2346 2416 supellex

1326 2413 1489 2451 firmatur
1504 2413 1614 2464 unice
1631 2423 1678 2450 ex
1693 2411 1900 2464 imitatione
1910 2413 2083 2465 Auaoris
2093 2415 2222 2466 Copae
2232 2427 2268 2456 v.
2281 2427 2346 2464 29.

1376 2502 1419 2542 Si
1426 2501 1548 2554 sapis,
1574 2497 1704 2550 aestivo
1724 2502 1895 2540 recubans
1914 2509 1949 2541 te
1966 2504 2086 2550 prolue
2107 2505 2222 2555 vitro,

1423 2553 1495 2592 Seu
1519 2552 1577 2590 vis
1591 2549 1753 2602 crystallo
1763 2550 1866 2602 ferre
1882 2565 1986 2591 novos
2001 2556 2144 2606 calices.
2177 2554 2179 2557 ’

1320 2662 1396 2700 quo
1416 2652 1504 2690 loco
1522 2646 1648 2688 eadem
1686 2647 1853 2686 luxuriae
1885 2648 2119 2686 instrumenta
2143 2638 2191 2686 iic
2211 2644 2350 2687 deseri·

1321 2703 1402 2749 bit,
1428 2710 1470 2742 ut
1497 2699 1589 2738 haee
1617 2698 1860 2744 Propertiana
1885 2699 1923 2737 in
1951 2699 2077 2737 animo
2102 2697 2262 2737 habuiffe
2286 2700 2342 2737 vi-

1322 2753 1464 2792 deatur.
1510 2750 1596 2788 dein
1645 2746 1710 2797 Est
1764 2749 1985 2799 Methymnei
2028 2750 2067 2787 in
2110 2749 2346 2789 colbertino.

1326 2805 1464 2843 Graeca
1478 2799 1598 2854 salim
1625 2799 1663 2837 in
1690 2801 1855 2839 Mentel.
1889 2799 2067 2849 Excerpt.
2087 2798 2220 2848 Scalig.
2250 2801 2346 2838 Bor-

1326 2854 1418 2893 rich.
1440 2851 1624 2898 Groning.
1644 2850 2036 2896 Heinfiano,Askew.
2055 2850 2343 2896 Harlej.Musei

1322 2907 1488 2944 Britann.
1508 2900 1659 2941 duobus
1699 2899 1834 2940 Leidd'.
1866 2902 1982 2940 tribus
2014 2900 2119 2939 Voff.
2151 2899 2349 2939 D'Orvill.

1323 2958 1392 2994 sec.
1414 2955 1449 2994 ἃ
1466 2963 1552 2992 meo
1570 2952 1708 3001 priore.
1733 2961 1815 2991 cum
1840 2951 1901 2990 ed.
1923 2952 2021 2991 Ven.
2040 2961 2153 3001 1475.
2169 2950 2347 3000 Regienfi-

1321 3007 1356 3044 &
1383 3004 1523 3053 Volsci.
1548 3011 1655 3054 grata
1667 3002 1789 3052 saliva
1805 3004 1844 3042 in
1869 3002 2039 3041 Colbert.
2063 3003 2185 3051 primo
2212 3002 2347 3041 D‘Or·

1322 3057 1401 3095 vill.
1423 3055 1459 3095 δι
1479 3064 1566 3094 meo
1580 3052 1652 3090 sec.
1671 3052 1730 3092 ed.
1751 3055 1852 3093 Ven.
1869 3057 1981 3100 1487·
2006 3052 2177 3093 Beroald.
2205 3051 2346 3092 Aldine

1326 3111 1500 3159 utraque;
1526 3104 1633 3156 Juut..
1661 3103 1787 3144 Colin.
1816 3105 1981 3151 Mureti,
1999 3103 2144 3144 Rovill.
2163 3100 2344 3159 Gryphja·

2261 3160 2350 3196 ms»
