2618 3652
402 270 506 338 84...

625 268 854 327 SEX.
933 226 1482 326 AVRELJI
1555 223 2309 334 PROPERTir

699 395 786 449 Tu
813 406 986 466 potes.
1014 395 1250 449 insolitas
1267 432 1285 459 ,
1331 390 1600 464 Cynthia,
1643 397 1783 453 ferre
1812 402 1964 455 nives
1981 402 2008 455 2

493 557 579 598 10.

397 838 465 880 bus
485 841 557 892 legi
575 849 774 889 meremur,
787 852 878 893 quae
887 840 930 881 ad
941 840 1043 889 illum
1054 840 1265 882 observavit
1281 841 1412 882 Celeb.

398 892 691 933 Hemsterhusius
728 893 766 931 in
799 894 898 943 notis
942 892 988 931 ad
1033 894 1189 931 Luciani
1232 894 1415 942 Dialogos

397 955 478 993 pag.
507 955 570 991 94.
600 941 658 982 ed.
686 945 838 983 minoris
856 973 867 992 ,
904 955 962 983 an.
995 955 1102 993 1707.
1133 944 1197 982 ubi
1221 945 1411 991 observat,

397 999 512 1044 prave
534 994 610 1033 illic
636 1005 656 1031 a
674 995 832 1034 Barlaeo
858 996 895 1034 in
921 996 994 1033 hoc
1014 995 1198 1044 Propertii
1232 995 1412 1035 ve'rficulo

395 1045 525 1096 positas
539 1044 678 1096 fulcire
699 1048 823 1085 ruinas
846 1047 1050 1086 exhibitum
1072 1045 1177 1084 fuiffe
1191 1077 1200 1093 ,
1228 1046 1264 1088 ἃ
1294 1045 1412 1093 addit,

389 1103 634 1146 praeterquam
670 1099 787 1143 enirn,
822 1098 913 1148 quod
950 1100 1002 1136 ibi
1046 1098 1232 1145 legendum
1261 1098 1416 1136 docuerit

395 1149 544 1198 pruinas
574 1145 848 1198 elegantzffimus
889 1148 1132 1198 Broukhufius
1151 1177 1162 1194 ‚
1201 1149 1310 1186 aliam
1337 1150 1414 1186 iilic

397 1200 501 1259 longe
527 1200 700 1236 notionem
723 1199 825 1238 habet
849 1199 981 1238 fulcire
997 1229 1008 1246 ,
1045 1207 1086 1237 ut
1114 1210 1160 1237 ex
1189 1197 1414 1248 eruditzffimi
1434 1232 1436 1234 ,

397 1250 549 1288 hommes
577 1249 824 1288 Commentario
839 1250 956 1301 disces.
986 1250 1091 1288 Haec
1111 1249 1263 1287 vivente
1275 1250 1416 1287 Brouk·

400 1299 505 1339 busso
535 1299 685 1349 scripta,
725 1298 786 1338 sed
815 1300 853 1339 in
884 1299 1052 1338 editione
1075 1300 1216 1346 maJ'Ore
1242 1310 1352 1349 quum
1377 1309 1415 1336 ο-

398 1350 501 1391 miffa
530 1350 624 1396 sint,
661 1349 824 1390 conferri
857 1353 1054 1398 'merentur
1073 1380 1084 1398 ,
1119 1359 1235 1399 quae,
1275 1349 1418 1388 erudita

398 1402 444 1441 ad
477 1403 573 1441 hunc
592 1400 736 1439 versum
767 1402 1045 1452 Propertianum
1067 1410 1155 1439 nota
1177 1427 1188 1444 ‚
1215 1398 1352 1438 deinde
1367 1400 1429 1444 lin,

398 1453 541 1493 chartas
584 1452 746 1499 conjecit
779 1453 816 1490 in
853 1451 1246 1491 Animadverfionibus
1269 1478 1279 1494 ,
1317 1460 1419 1500 ,quas

397 1505 462 1545 sub
490 1505 600 1542 finem
625 1502 731 1548 hujus
749 1502 959 1540 Voluminis
981 1499 1093 1540 edidi.
1120 1500 1201 1539 illic
1225 1501 1324 1539 enirn
1356 1509 1415 1550 po-

390 1555 483 1607 sitas
497 1553 636 1604 fulcire
659 1554 785 1590 ruinas
811 1559 936 1592 tuetur
958 1563 1029 1603 pro
1055 1553 1093 1590 in
1119 1552 1265 1597 jacente
1283 1553 1414 1603 pruina

398 1605 471 1646 niti
487 1602 667 1654 pedibus,
692 1600 733 1644 &⁴
747 1613 829 1642 cum
847 1605 1077 1644 Graecorum
1104 1600 1234 1651 eniam
1253 1602 1415 1647 confert.

334 1676 337 1677 ν
399 1654 499 1697 unde
523 1653 689 1693 videmus
714 1660 772 1693 tot
786 1655 992 1704 principum
1021 1656 1060 1692 in
1080 1653 1137 1691 his
1156 1654 1274 1693 literis
1296 1655 1412 1698 Viro-

400 1719 483 1747 rum
506 1703 700 1754 Scaligeri,
727 1704 761 1754 J,
790 1707 850 1745 Fr.
882 1706 1090 1749 Gronovii,
1113 1704 1358 1751 Broukhufii,
1384 1704 1420 1743 &

401 1754 667 1798 Hemsterhufii
699 1754 739 1792 in
780 1755 853 1793 hoc
891 1755 977 1793 loco
1010 1753 1225 1794 illustrando
1265 1753 1393 1794 fluctus
1409 1783 1420 1801 ,

398 1820 493 1859 quos
517 1815 734 1856 conponere
765 1807 928 1845 nostrum
955 1817 1032 1846 non
1059 1805 1123 1845 est.
1159 1807 1274 1846 Forte
1301 1814 1424 1845 tamen

403 1860 524 1899 omnis
548 1856 742 1896 difficultas
776 1865 840 1896 aut
891 1866 1085 1898 contortae
1128 1858 1394 1906 explicationes
1413 1886 1425 1904 ‚

406 1909 501 1961 quas*
519 1910 605 1949 huic
636 1908 723 1946 loco
758 1907 978 1948 declarando
1003 1909 1154 1960 quisque
1183 1919 1254 1959 pro
1279 1908 1344 1948 suo
1372 1909 1426 1947 in-

400 1962 550 2003 tellectu
599 1960 783 2007 congerit,
823 1960 880 1999 &I
898 1961 1004 1998 vario
1030 1960 1249 2000 eruditionis
1288 1960 1427 1999 lumine

402 2010 627 2063 perfundere
666 2009 870 2057 adnititur²
892 2012 1058 2049 amoveri
1083 2010 1255 2060 poss'ent‚
1287 2011 1314 2050 fi
1341 2022 1429 2050 con·

401 2065 540 2113 iectura
569 2071 646 2101 non
674 2060 839 2101 violenta
878 2072 926 2101 ex
938 2059 1097 2111 fulcire,
1133 2061 1258 2112 paucis
1311 2062 1428 2102 literis

403 2117 547 2155 mutatis
570 2144 581 2162 ,
625 2110 840 2163 exsculpere
877 2112 1007 2150 lIceret
1032 2111 1146 2165 super
1182 2115 1245 2152 ire.
1297 2113 1378 2151 l'&
1399 2110 1432 2161 f

355 2182 359 2185 ¹
400 2164 567 2214 ejusdem
593 2164 631 2202 in
655 2164 762 2203 codd.
792 2163 909 2204 MSS.
945 2162 1089 2203 formae
1122 2164 1235 2211 sunt,
1261 2161 1428 2213 adeoque

402 2217 566 2258 substitui
582 2220 720 2267 postet,
792 2250 795 2251 γ
1415 2220 1423 2227 ·

461 2288 520 2329 Tu
541 2292 688 2341 pedihus
705 2289 834 2328 teneris
847 2285 1103 2347 piditas-*super
1118 2287 1176 2324 ire
1188 2289 1349 2335 pruinas.

402 2363 533 2403 velex
557 2364 673 2404 altera
690 2361 858 2405 codicum
889 2359 1156 2401 nonnullorum
1182 2360 1341 2399 lectione
1342 2358 1424 2411 sul-

403 2427 481 2454 care
510 2415 538 2454 fi
562 2416 642 2465 quis
670 2414 775 2455 malit
796 2410 923 2462 positas
934 2409 1104 2465 superare
1137 2413 1291 2460 pruinas
1307 2441 1317 2458 ‚
1366 2421 1427 2450 me

348 2511 355 2514 .
404 2465 640 2506 obnitentem
673 2478 750 2505 non
777 2464 941 2503 habebit.
980 2464 1059 2512 pari
1094 2463 1232 2502 scilicet
1255 2462 1427 2501 variatio-

404 2527 475 2565 ne,
503 2529 573 2568 qua
591 2517 686 2567 apud
711 2516 911 2556 Manilium
937 2515 1118 2556 Lib.‘111.
1149 2517 1235 2562 385.

461 2590 638 2629 Auernas
649 2587 820 2642 srtpe‘rare
839 2588 960 2635 nives,
988 2588 1166 2636 orbemque
1185 2587 1368 2637 rigentem.

407 2669 471 2707 ubi
484 2669 595 2721 super
620 2673 672 2710 ire
696 2671 735 2709 in
763 2669 1026 2711 Gemblacenfi
1049 2667 1287 2713 vetustissimo
1320 2668 1352 2708 ἂ
1375 2670 1432 2720 Ja-

406 2722 494 2759 cobi
513 2721 605 2776 Sufii
623 2721 764 2760 codice.
792 2723 942 2761 Lucret.
961 2723 1034 2760 111.
1058 2731 1146 2768 104.

461 2794 521 2833 Ac
537 2793 684 2841 pedibus
695 2794 810 2846 salsas
832 2795 952 2834 docuit
961 2792 1144 2846 super'ire
1170 2794 1328 2842 lacunas.

405 2857 450 2905 ut
465 2876 512 2905 ex
534 2863 638 2902 codd.
671 2866 790 2905 MSS.
820 2878 891 2916 pro
905 2867 1072 2919 superare
1098 2867 1256 2906 restituit
1278 2868 1428 2907 Lambi-

405 2927 488 2955 nus.
513 2915 685 2968 superare
714 2925 837 2955 autem
871 2917 932 2956 hic
959 2918 1014 2957 eo'
1043 2918 1146 2958 sensu
1175 2919 1316 2966 capies,
1353 2928 1436 2970 quo·

395 2966 565 3020 superare
595 2974 750 3012 montes,
767 2965 936 3017 superare
958 2980 1102 3019 aequor,
1127 2968 1173 3007 -&
1200 2971 1360 3015 vincere,
1387 2980 1429 3008 ac
1475 3003 1482 3009 ,

409 3020 485 3057 sim.
511 3016 559 3056 de
588 3016 729 3063 difficili
752 3019 919 3058 dicuntur
938 3020 1083 3060 itinere.
1113 3020 1335 3061 Claudianus
1352 3022 1420 3061 IV.

409 3068 524 3111 Confi
548 3069 656 3116 Hon.
681 3072 769 3116 436.
1262 3068 1268 3076 ‘

625 468 676 522 O
717 473 922 523 utinam
965 471 1217 522 hibernae
1261 468 1603 537 duplicentur
1646 484 1886 544 tempora
1928 478 2178 541 brumae,

699 544 771 597 Et
812 545 876 597 fit
917 545 1057 596 iners
1103 543 1262 596 tardis
1306 544 1488 595 navita
1532 543 1802 617 VergiliiS.
1864 574 1867 575 ⁷
2194 566 2204 568 ⁴

593 617 746 680 -Nec
789 618 887 672 tibi
930 617 1210 686 Tyrrhena
1250 616 1485 672 solvatur
1527 616 1675 676 funis
1718 623 1777 676 in
1819 640 1942 691 ora,

2324 700 2487 775 Neve

1490 886 1493 889 ,
1878 859 1947 887 non
1973 847 2062 887 dura
2089 850 2249 898 viarum,

1518 896 1605 935 Non
1628 896 1759 950 incerta
1779 900 1907 945 maris,
1941 899 2079 948 Lybiae
2091 900 2294 953 squalentis
2313 912 2459 947 arenas,

1515 948 1679 986 Audebit
1686 949 1857 1001 superare
1874 950 1988 999 pectes.
2022 955 2025 958 ⁴

1464 1020 1644 1070 Virgilius
1661 1022 1696 1068 L.
1723 1020 1824 1072 Aen.
1855 1034 1950 1071 244.
2478 1079 2481 1081 -

1519 1093 1684 1142 Illyricas
1699 1099 1878 1140 penetrare
1893 1091 2023 1142 finus,
2051 1102 2157 1144 atque
2181 1097 2309 1137 intima
2337 1104 2439 1136 tutus

1519 1144 1648 1193 Regna
1668 1142 1909 1182 Liburnorum
1933 1142 1983 1191 &²
1995 1143 2314 1198 fontemsupercire
2334 1147 2491 1187 Timavi.

1465 1212 1594 1251 Valer.
1613 1211 1677 1250 -1-'1.
1707 1214 1758 1250 11.
1787 1221 1876 1257 545.

1872 1279 2059 1333 superabit
2084 1291 2205 1324 ovante

1622 1334 1643 1349 '⁴
1662 1331 1790 1371 Litora
1816 1338 1899 1370 tuta
1916 1334 2050 1384 gradu.
2173 1344 2178 1350 ·
2200 1335 2204 1338 ’

1473 1402 1560 1441 vide
1580 1409 1693 1461 notas
1714 1401 1759 1439 ad
1781 1402 1945 1450 ejusdem
1973 1406 2110 1464 poe-tae
2130 1406 2215 1452 Lib.
2243 1409 2276 1447 1.
2307 1417 2366 1456 75,
2393 1406 2429 1448 ἅ
2449 1403 2503 1466 ,3ὶᾴ
2550 1464 2552 1466 .

1472 1453 1664 1493 claudian.
1690 1454 1742 1491 ΙΙ.
1770 1452 1819 1491 de
1846 1455 1963 1494 Laud.
2001 1456 2083 1495 Stil.
2123 1469 2229 1505 401.
2274 1469 2279 1487 2
2311 1480 2343 1502 -‚,
2414 1487 2440 1502 ,.
2476 1482 2502 1504 ,x

1518 1531 1553 1568 8.
1568 1523 1670 1576 ferre
1701 1524 1829 1574 nives)
1858 1534 1906 1563 ex
1943 1526 2072 1564 Volsci
2093 1526 2338 1569 adnotatione
2371 1529 2501 1581 configi,

1465 1577 1612 1629 potest,
1642 1576 1683 1613 in
1707 1574 1788 1612 aliis
1813 1578 1929 1614 minas
1947 1575 2078 1615 lectum
2105 1577 2223 1618 fuiffe.
2250 1580 2349 1628 quod
2373 1588 2501 1621 tamen?

1469 1632 1508 1668 in
1527 1627 1662 1666 nullius
1689 1625 1827 1664 codicis
1852 1627 2051 1677 Excerptis
2084 1630 2220 1680 reperi.
2258 1631 2368 1670 naves
2390 1638 2498 1671 men-'

1471 1679 1561 1718 dose
1581 1678 1620 1716 in
1639 1677 1762 1727 primo
1785 1677 1894 1717 Leid.
2477 1694 2501 1703 ι’

1490 1794 1497 1798 ,
1526 1770 1561 1805 9.
1596 1757 1761 1807 Tempora
1781 1757 1939 1808 brumae]
1959 1736 2065 1799 tunae
2083 1762 2179 1802 male
2193 1761 2231 1801 in
2248 1760 2330 1802 cod.
2353 1739 2499 1803 >Heius-'V

1475 1810 1511 1850 δι
1528 1808 1633 1849 Voss'.
1661 1809 1794 1859 primo.

1482 1903 1484 1906 ·
1531 1893 1590 1923 11.
1619 1880 1700 1920 Nec
1726 1881 1795 1919 tibi
1831 1879 2010 1932 Tyrrhena
2027 1881 2191 1936 solvatur·
2216 1882 2330 1936 funis'
2350 1887 2396 1931 in
2415 1884 2498 1936 am]

1479 1934 1540 1975 Ne
1558 1934 1627 1972 tibi
1646 1930 1840 1982 legendum
1860 1932 2009 1971 suadent
2024 1936 2220 1985 sequentia.
2242 1932 2440 1986 profanis·
2458 1937 2498 1975 in

1479 1994 1516 2025 v.
1547 1996 1580 2023 c.
1603 1984 1694 2024 Ant.
1715 1983 1880 2030 Perreji,
1899 1985 2056 2031 Colotii,
2080 1985 2115 2024 δι
2137 1985 2296 2025 secundo
2315 1987 2512 2035 ‚Vaticano

1473 2037 1614 2090 puppis.
1643 2033 1706 2072 sed
1728 2034 1893 2079 alteram,
1910 2035 2105 2074 lectionem
2128 2038 2228 2077 reete
2251 2038 2399 2079 servant
2422 2048 2502 2078 om*

1478 2097 1545 2125 nes
1569 2083 1729 2123 codicee.
1749 2082 1844 2121 infra
1870 2084 1954 2122 Lib.
1985 2088 2055 2138 111.
2083 2087 2140 2125 El.
2171 2100 2206 2136 ς.
2236 2100 2313 2136 24.-
2331 2134 2368 2146 f
2436 2125 2438 2127 .

1530 2153 1630 2195 Nam
1647 2155 1717 2193 tibi
1734 2151 1915 2193 noaurnis
1933 2154 1979 2193 ad
1989 2153 2089 2206 saxa
2107 2158 2226 2208 ligata
2243 2159 2406 2207 procellis

1587 2205 1720 2245 Omnia
1741 2205 1869 2244 detrito
1893 2204 2142 2256 vinculafune
2163 2208 2313 2248 eadunt.
2334 2247 2337 2249 ,

1478 2281 1556 2321 Hic
1570 2286 1691 2318 autem
1705 2277 1806 2316 locus
1820 2277 1922 2316 varie
1941 2277 2046 2318 torsit
2064 2278 2359 2329 Interpretes2in
2385 2283 2504 2320 omni·

1478 2333 1547 2371 bus
1557 2331 1656 2377 enim
1666 2327 1892 2379 editionibus
1905 2326 2210 2369 antecedentibus
2220 2329 2292 2370 huc
2304 2330 2417 2381 usque
2426 2332 2502 2381 lec·

1477 2391 1554 2422 tum
1577 2381 1667 2429 fuit,
1696 2381 1778 2420 Nec
1797 2381 1866 2417 tibi
1889 2378 2360 2431 Tyrrhenafilvaturfun'is
2377 2382 2500 2421 arena.

1478 2435 1660 2485 plurimos
1683 2429 2001 2479 nempeoffendit
2034 2427 2143 2472 sonus
2177 2429 2321 2470 leonini
2346 2429 2496 2478 versus,

1477 2485 1623 2524 auribus
1659 2493 1736 2520 non
1766 2481 1884 2519 minus
1920 2480 2099 2527 insuavis,
2135 2492 2241 2530 quam
2265 2481 2370 2520 infra·
2392 2483 2499 2533 Eleg.

1483 2537 1611 2577 XVn.
1641 2544 1674 2581 5·
1705 2532 1810 2591 Quin
1833 2533 1939 2569 etiam
1963 2529 2095 2581 absenti
2120 2530 2262 2584 prqsunr
2281 2535 2350 2572 tibi
2384 2534 2504 2585 ’,09η-

1482 2588 1580 2632 ιΙιὶα,
1606 2586 1715 2629 venti.
1748 2581 1822 2620 vid.
1851 2583 1886 2632 J.
1923 2582 2074 2622 Dousae
2104 2584 2175 2622 Fil.
2201 2591 2309 2622 notas
2340 2562 2394 2623 ευ
2412 2585 2504 2623 Pro·

1482 2645 1578 2688 pert.
1605 2647 1688 2684 cap.
1712 2643 1747 2681 3.
1771 2643 1852 2683 pag.
1880 2643 1942 2681 93.
1985 2631 2083 2672 unde
2111 2644 2187 2672 non
2218 2633 2398 2675 inmerito
2431 2636 2500 2675 mi-

1482 2696 1584 2729 ratur
1608 2686 1642 2725 &
1662 2683 1765 2723 fimul
1797 2682 2004 2733 indignatur
2036 2684 2286 2724 Broukhuiius
2307 2715 2319 2733 ‚
2355 2686 2502 2726 cultim-

1477 2749 1577 2782 mum
1595 2748 1619 2776 e
1639 2734 1907 2775 recentioribus
1937 2737 2085 2785 poetam
2108 2736 2259 2775 Petrum
2285 2738 2500 2776 Lotichium

1476 2786 1685 2833 Secundum
1719 2785 1778 2823 sua
1812 2786 1917 2833 hujus
1948 2787 2021 2824 loci
2053 2787 2261 2827 imitatione
2293 2787 2411 2827 veluti
2442 2788 2503 2829 ad-

1476 2841 1635 2894 probare
1662 2836 1818 2876 voluiffe
1847 2837 2126 2880 insolentiorem
2153 2835 2376 2887 rhythmum.
2433 2842 2500 2883 lltn

1477 2883 1780 2983 ¹‹gairrlrmPhoenix
1813 2888 1878 2928 ille
1903 2890 2098 2939 poetarum
2120 2888 2390 2939 Germanorum
2412 2890 2498 2930 Lib.

1519 2972 1529 2982 .
1605 2967 1617 2980 .
1650 2950 1710 2988 ¹3·
1739 2950 1800 2986 25.
1960 2951 1968 2957 ·

1531 3022 1599 3063 Sed
1622 3032 1716 3059 nunc
1749 3018 1945 3069 Tyrrhenis
1952 3017 2079 3071 forsan
2098 3020 2275 3059 tra-laetas
2299 3024 2435 3068 armis,

1578 3073 1667 3114 Non
1687 3080 1813 3110 memor
1834 3083 1870 3110 es
1890 3073 2050 3120 patriae,
2077 3083 2155 3111 cum
2173 3072 2360 3123 patrique
2381 3075 2500 3164 ”ei-{bi
