2618 3652
306 274 435 362 {500
546 278 779 338 SEX.
858 276 1406 338 AVRELII
1480 273 2197 336 PROPERTI'I

623 410 804 479 Atque
846 386 1052 463 utinam
1092 407 1273 478 pofito
1315 408 1460 463 dicar
1502 422 1680 462 amore
1722 403 1885 460 rudis.

548 483 696 561 Quid
738 484 837 541 tibi
879 499 1023 541 nunc
1051 481 1245 538 misero
1287 481 1501 557 prodest
1528 496 1689 557 grave
1720 481 1925 562 *ducere
1953 490 2167 549 carmen
2181 483 2211 554 ‚j

2191 570 2273 612 ιο.
2301 555 2415 612 Aut

319 691 527 738 Dodonaea
561 702 597 739 in
632 699 839 740 divinandis
875 698 1058 739 amoribus
1090 698 1126 737 se
1159 697 1341 750 superare.
1390 699 1508 751 Epist.
1529 699 1639 740 XVI.
1661 702 1750 747 278.

322 749 356 788 &
379 751 495 790 obstat
514 761 702 801 praeterea
720 755 873 801 peritum
896 754 946 791 ita
973 750 1183 799 [impliciter
1208 761 1250 788 ac
1271 762 1354 789 nu·-

320 800 368 839 de
400 803 567 851 positum.
609 804 822 853 Elegantius
858 804 968 854 igitur
1001 802 1084 841 fore
1122 801 1278 853 opinor,
1314 801 1340 841 ss

320 851 440 891 deleta
462 853 589 892 ultima
614 857 717 894 vocis
737 855 867 905 syllaba
886 854 1124 903 refingamus,

370 935 442 975 Me
470 936 563 977 dolor
583 935 634 984 ὃ)
652 924 817 978 lacrimae
842 939 922 978 veri
936 936 1058 990 fecere
1079 940 1244 987 peritum.

320 1033 361 1066 ut
378 1038 447 1077 pro
467 1014 541 1067 veri
572 1028 740 1068 librarius
777 1040 825 1068 ex
851 1027 925 1068 fine
960 1027 1214 1078 praecedentis
1241 1028 1344 1067 vocis

320 1080 484 1123 lacrime,
514 1078 573 1130 (ut
607 1080 646 1118 in
672 1080 810 1127 MSS.)
830 1083 1023 1119 aberrante
1052 1081 1192 1118 calamo
1215 1078 1348 1118 fecerit

321 1131 431 1175 meri,
453 1141 522 1180 pro
549 1133 646 1178 veri,
676 1140 913 1181 truncamque
948 1142 1080 1169 vocem
1108 1131 1234 1180 postea
1256 1131 1357 1170 alius.

324 1179 549 1229 suppleverit
571 1184 704 1221 merito.
743 1175 989 1229 conjeeturae
1017 1181 1251 1232 adstipulatur
1270 1182 1348 1233 ipse

323 1233 436 1281 poe‘ta
465 1232 551 1272 Lib.
579 1236 631 1272 11.
650 1234 710 1273 Ei.
734 1245 793 1281 17.
815 1244 850 1280 3.
1005 1241 1009 1244 ’

378 1313 448 1354 Sed
465 1315 532 1352 tibi
540 1314 618 1364 jam
638 1313 754 1352 videor
771 1312 935 1352 Dodona
963 1312 1089 1350 verior
1110 1322 1243 1361 augur.

430 1365 585 1404 Uxorem
610 1366 671 1403 ille
693 1372 780 1402 tuus
805 1364 953 1412 pulcher
980 1370 1112 1403 amator
1131 1362 1249 1402 haber.
1304 1416 1306 1418 Ι

321 1459 410 1502 Lib.
436 1458 506 1497 lv.
528 1456 587 1497 El.
609 1459 641 1496 Ι.
663 1468 722 1504 52.
743 1455 777 1494 &
795 1455 894 1506 seqq.

376 1542 460 1580 Aut
471 1536 508 1588 fi
524 1538 744 1588 Pergameae
751 1534 831 1587 sero
851 1541 930 1573 rata
960 1536 1117 1573 carmina
1139 1536 1234 1574 vatis

342 1608 346 1614 ·
430 1591 662 1640 Longae-vum
690 1587 737 1626 ad
769 1586 910 1642 Priami
932 1586 1134 1637 verafuere
1157 1592 1275 1634 caput.

325 1670 414 1715 Lib.
434 1668 503 1709 111.
528 1666 587 1707 Ei.
613 1666 681 1707 X1.
705 1671 767 1707 61.

363 1751 486 1792 certa
512 1750 654 1835 loquor-,i
672 1745 739 1798 sed
755 1748 857 1786 nulla
874 1743 982 1796 fides.
1015 1757 1125 1797 neque
1149 1747 1243 1785 enim
1278 1746 1352 1786 Ilia

541 1811 640 1848 quon:
654 1811 710 1836 am

358 1858 366 1863 ’·
427 1848 554 1890 verax
575 1849 783 1900 Pergameis
805 1849 966 1889 Phoebas
988 1848 1145 1889 habenda
1168 1850 1284 1889 malis.

258 1951 266 1959 ‘
325 1958 435 2000 quem
455 1945 632 1984 imitatum
659 1942 732 1983 effe
755 1942 935 1984 Ovidium
963 1943 1035 1994 Ep.
1070 1942 1179 1982 XVI.
1209 1948 1244 1983 6.
1281 1953 1351 1982 no-

329 2008 411 2043 tant
433 1998 504 2051 viri
528 1995 633 2035 disti:

387 2064 490 2123 Vera
515 2082 656 2131 loquar,
682 2078 763 2118 veri
786 2079 851 2117 vix
871 2074 1037 2117 habitura
1052 2072 1177 2126 fidem.

328 2180 370 2215 ut
411 2169 632 2222 'praeferunt
659 2167 829 2220 plurimi,
867 2178 939 2218 pro
964 2178 1081 2206 veram
1111 2161 1235 2213 fidem.
1271 2165 1366 2205 Lib.»

329 2227 399 2266 111.
427 2223 529 2262 Artis
559 2221 645 2259 Am.
692 2231 730 2258 v,
764 2230 850 2267 790.
887 2220 973 2257 loco
1030 2217 1091 2255 his
1116 2226 1291 2265 perquam
1318 2214 1359 2254 fi-

332 2273 498 2366 ffi-iziit’e&
526 2269 823 2312 emendationem
851 2269 949 2309 hanc
975 2280 1066 2319 prae
1093 2267 1226 2306 ceteris
1254 2266 1359 2306 stabi-

470 2355 481 2373 ²

385 2408 454 2447 Sed
462 2418 570 2457 neque
584 2405 734 2446 Phoebei
751 2405 902 2455 tripodes
913 2435 922 2451 ‚
937 2415 998 2443 nec
1008 2405 1171 2454 corniger
1183 2403 1335 2441 Ammon
1344 2432 1355 2450 ,

434 2461 538 2498 Vera
566 2460 681 2509 magis
699 2460 820 2503 vobis,
846 2469 949 2506 quam
967 2467 1042 2495 mea
1063 2453 1195 2506 Musa,
1221 2461 1358 2494 canent.

385 2509 425 2550 Si
443 2523 510 2559 qua
529 2506 622 2557 fides
643 2512 737 2554 arti,
763 2521 866 2558 quam
891 2509 993 2558 longo
1002 2504 1160 2557 fecimus
1179 2504 1266 2555 usu,

441 2560 603 2600 Credite:
627 2558 851 2611 praestabunt
869 2559 1027 2597 carmina
1052 2554 1166 2607 nostra
1181 2555 1307 2606 fidem.

338 2651 402 2690 ubi
434 2650 490 2696 se,
515 2653 589 2688 veri
620 2651 732 2700 magis
753 2651 924 2699 peritum,
950 2647 1072 2687 futura
1094 2648 1230 2686 certius
1258 2657 1361 2697 prae-

338 2702 462 2740 dicere
493 2701 613 2749 poss'e,
642 2713 745 2750 quam
768 2701 911 2740 Phoebi
943 2699 1005 2738 vel
1030 2698 1135 2750 Jovis
1164 2700 1357 2747 Ammonis

342 2750 490 2791 oracula
510 2779 521 2796 ,
558 2752 666 2788 etiam
704 2753 810 2798 jaetat
831 2781 843 2798 ‚
890 2760 931 2791 ut
970 2750 1031 2788 hic
1066 2749 1114 2789 de
1156 2749 1360 2789 Dodonaei

340 2802 445 2858 Jovis
482 2801 655 2838 vaticinio
687 2803 923 2852 Propertius,
961 2801 1122 2852 ideoque
1153 2802 1222 2840 arti
1248 2801 1357 2849 suae,

339 2864 448 2902 quam
469 2851 582 2900 longo
608 2850 745 2890 fecerat
767 2856 851 2897 usu,
880 2852 982 2892 credi
1001 2852 1169 2902 postulat.
1202 2854 1278 2892 veri
1303 2860 1360 2901 pe-

342 2906 456 2948 ritus,
483 2910 523 2941 ut
545 2904 619 2940 veri
639 2914 704 2939 non
715 2902 881 2953 sordidus
897 2905 1018 2943 autror
1036 2904 1200 2943 Horatio
1222 2904 1306 2943 Lib.
1326 2906 1358 2943 Ι.

343 2953 407 2994 od.
430 2957 492 2994 28.
514 2962 573 3000 15.
607 2950 643 2990 &
666 2952 816 3001 proprie
842 2957 916 2991 veri
942 2956 1003 2994 vel
1030 2966 1167 2993 veraces
1191 2954 1361 2996 dicuntur

345 3013 448 3046 vates
467 3015 509 3042 ac
530 3003 784 3041 vaticinantes.
813 3002 926 3042 Ovid.
948 3005 1062 3054 Epist.
1087 3007 1135 3046 V.
1160 3018 1246 3055 123.

387 3085 470 3129 Ab*
478 3086 627 3128 nimium
645 3093 740 3126 vates
756 3082 897 3138 miserae
915 3074 1003 3128 mihi
1031 3098 1119 3131 vera
1128 3086 1254 3141 fuisti.

1576 790 1687 804 -—
1705 767 1789 821 fore
1808 775 1850 808 ut
1873 782 1895 810 a
1912 765 2216 821 coelestesagittar

1496 823 1633 874 Figar,
1660 830 1741 861 erar
1755 831 1870 860 verax
1895 823 2090 860 vaticinata
2102 820 2213 874 soror.
2288 820 2291 826 '

1392 903 1548 946 sabinus
1569 903 1685 953 Epist.
1709 904 1740 942 1.
1763 912 1829 952 94.

1444 984 1513 1024 Sed
1520 981 1556 1032 fi
1582 981 1736 1032 Tirefias
1760 991 1834 1022 tam
1859 984 1946 1023 laeti
1962 983 2133 1032 providus
2148 993 2287 1033 augur,

1499 1035 1622 1095 Quam
1646 1045 1758 1073 verax
1778 1042 1874 1073 vates
1891 1038 1930 1074 in
1949 1036 2041 1074 mala
2061 1031 2177 1084 nestra
2188 1033 2285 1085 fuit.

1396 1117 1485 1167 quin
1507 1116 1542 1155 ἃ
1560 1129 1680 1155 verum
1701 1112 1756 1155 de·
1768 1117 1924 1155 oraculis
1943 1115 1979 1155 δι
1998 1114 2177 1165 responfis
2200 1115 2306 1162 saepe
2327 1111 2422 1160 apud

1399 1175 1548 1207 veteres
1573 1169 1753 1213 occurrit,
1780 1167 1950 1217 adeoque
1974 1169 2049 1204 veri
2074 1168 2214 1214 peritus
2234 1164 2295 1201 hic
2324 1163 2433 1202 idem.

1398 1218 1452 1255 est
1469 1228 1510 1253 ac
1540 1218 1759 1254 vaticinandi
1777 1220 1929 1263 peritus.
1957 1216 2043 1254 vide
2071 1223 2177 1255 notas
2201 1214 2326 1254 Patrui
2350 1214 2425 1254 mei

1398 1266 1444 1304 ad
1468 1267 1594 1305 valer.
1616 1266 1670 1304 ΕΙ.
1696 1266 1780 1304 Lib.
1802 1267 1854 1303 V.
1877 1277 1915 1305 ν.
1936 1276 1973 1312 4.
2001 1265 2123 1305 locum
2143 1275 2236 1303 vero
2256 1265 2357 1303 hunc
2376 1264 2440 1303 fle

1400 1318 1563 1357 imitatus
1603 1316 1657 1356 est
1693 1315 1890 1356 Lotichius
1925 1316 2012 1356 Lib.
2048 1319 2102 1357 11.
2133 1316 2194 1356 El.
2233 1327 2295 1357 12.
2326 1326 2360 1363 5.
2388 1314 2434 1361 &fi

1356 1388 1359 1390 ·
1399 1370 1496 1418 seqq.

1459 1447 1547 1485 Non
1567 1458 1620 1485 me
1646 1445 1828 1493 Pierides,
1859 1445 1979 1496 Clusi,
1995 1446 2118 1498 fecere
2139 1449 2300 1497 poetam,
2370 1478 2376 1482 .

1512 1497 1599 1536 Non
1629 1497 1862 1549 Aganippeae
1882 1499 2026 1535 lucidus
2047 1498 2172 1536 humor
2191 1498 2325 1548 aquae',
2377 1506 2387 1515 “

1455 1547 1525 1588 Sed
1538 1548 1632 1585 dolor
1649 1545 1698 1593 ὅ)
1718 1549 1883 1585 lacrimae
1898 1576 1908 1592 ,
1915 1547 2086 1598 saevique
2107 1548 2297 1596 Cupidinis
2308 1551 2430 1599 ignes,

1513 1596 1641 1648 Tristis
1663 1595 1714 1646 ὅ)
1739 1598 1784 1637 ad
1806 1598 1947 1650 rigidas
1960 1597 2066 1650 saepe
2087 1597 2349 1649 querelafores.

1705 1654 1714 1677 x
1771 1668 1775 1670 r

1456 1713 1491 1752 8.
1520 1709 1640 1759 Atque
1675 1712 1813 1749 utinam
1838 1690 1946 1759 posito
1971 1708 2071 1747 dicar
2091 1718 2205 1748 amore
2225 1708 2344 1760 rudis]
2370 1717 2432 1758 ap-

1402 1760 1512 1811 posteo
1535 1762 1669 1801 vitiose
1695 1763 1735 1800 in
1754 1759 1858 1801 Voff.
1878 1758 2048 1799 secundo.
2073 1759 2234 1800 OvIdius
2260 1763 2321 1801 Π..
2341 1761 2430 1801 Am.

1404 1824 1444 1860 9.
1471 1822 1534 1859 25.

1460 1894 1572 1938 Vive,
1599 1893 1723 1940 Deus,
1743 1890 1872 1942 pasito,
1885 1889 1925 1942 fi
1946 1893 2029 1943 quis
2045 1890 2138 1932 mihi
2159 1891 2273 1937 dicat,
2295 1902 2430 1930 amore:
2476 1894 2482 1898 ”

1442 1988 1445 1994 s
1508 1943 1698 1992 Deprecor.
1730 1944 1836 1998 us‘que
1853 1944 1936 1983 adeo
1956 1943 2057 1982 dulce
2073 1944 2197 1992 paena
2219 1939 2436 1994 malum'est.

1407 2022 1443 2062 &
1468 2018 1627 2060 Remed.
1659 2030 1744 2068 559.

1410 2100 1476 2142 Aa
1486 2099 1578 2138 mala
1590 2097 1733 2150 quisque
1747 2100 1903 2137 animum
1917 2095 2145 2149 referatsua‚
2158 2099 2262 2147 'ponet
2275 2113 2440 2142 amorem.

1411 2179 1515 2219 rudis
1545 2178 1757 2229 fimpliciter
1785 2188 1856 2227 pro
1879 2174 1978 2215 rudis
2008 2179 2241 2225 amorum,&
2260 2179 2434 2232 inexper-

1410 2240 1481 2270 tus.
1514 2229 1562 2269 de
1585 2241 1659 2279 quo
1688 2229 1750 2267 hic
1782 2227 1869 2266 vide
1899 2228 2155 2268 Gebhard.·&
2184 2229 2357 2271 Pafferat.
2399 2233 2441 2271 dt

1407 2285 1501 2333 quae
1519 2279 1614 2320 infra
1634 2281 1775 2320 notabo
1802 2279 1847 2318 ad
1872 2280 1956 2319 Lib.
1978 2281 2047 2320 111.
2069 2291 2129 2327 15.
2155 2290 2190 2328 7.
2217 2281 2317 2320 dicar
2332 2283 2437 2322 rudis
2479 2278 2487 2283 '

1408 2345 1514 2373 more
1545 2332 1790 2382 Propertiano
1811 2361 1822 2379 ‚
1859 2342 1931 2380 pro
1967 2330 2031 2369 fim
2060 2330 2171 2371 rudis.
2198 2339 2241 2371 ut
2270 2333 2357 2376 Lib.
2382 2335 2436 2373 11.
2502 2361 2519 2372 r

1410 2386 1541 2445 1934.
1566 2383 1635 2443 ‘Et
1664 2384 1759 2421 dicor
1785 2382 1870 2421 terto
1897 2383 1976 2432 jam
2010 2384 2137 2441 gravis·
2184 2382 2255 2435 effe
2285 2391 2358 2423 tuo.
2398 2383 2437 2423 ἃ.

1410 2437 1510 2477 alibi.
1534 2433 1614 2475 vid.
1642 2432 1859 2474 Markland.
1877 2432 1923 2471 ad
1941 2432 2049 2472 Statu
2067 2433 2187 2472 Silvas
2212 2444 2295 2484 pag.
2315 2445 2408 2483 241.

1461 2562 1499 2600 9.
1528 2547 1630 2609 Qfid
1662 2548 1731 2587 tibi
1756 2557 1849 2594 nunc
1874 2542 1995 2597 misero
2013 2544 2150 2596 prodest
2173 2558 2286 2598 grave
2311 2547 2436 2586 ducere

1651 2610 1788 2638 carmen
1804 2626 1815 2644 ,

1564 2653 1647 2691 Aut
1670 2649 1906 2698 Amphioniae
1925 2649 2059 2688 moenia
2070 2646 2163 2696 flere
2182 2646 2309 2698 lyrae]

1407 2746 1519 2790 grave
1539 2729 1674 2783 prodest
1710 2731 1873 2771 Voffian.
1897 2741 1953 2779 pr.
1978 2730 2090 2770 dicere
2110 2731 2148 2770 in
2169 2730 2433 2779 Mentelianog

1409 2787 1579 2829 Borrich.
1627 2783 1772 2824 duobus
1806 2781 1983 2823 Leidens.
2017 2791 2173 2833 quatuor
2210 2782 2430 2834 Voffianis‘,
2474 2818 2481 2821 r

1411 2839 1553 2879 duobus
1579 2834 1754 2876 D’orvill.
1779 2833 1813 2873 ἃ
1838 2833 1944 2874 meis.
1972 2833 2007 2872 ὅ(
2035 2834 2082 2872 fic
2102 2834 2333 2883 Groningan.
2352 2832 2432 2870 alii-

1410 2901 1482 2942 que
1505 2887 1613 2928 codd.
1639 2899 1720 2926 cum
1739 2886 1866 2935 priscis
1886 2883 1973 2924 edd.
1992 2884 2053 2923 sed
2072 2885 2195 2924 ducere
2211 2885 2311 2923 redte
2330 2894 2433 2932 prae-

1412 2943 1499 2982 tulit
1534 2938 1710 2979 Heinfius
1731 2965 1742 2983 ‚
1778 2937 1813 2975 δί
1855 2938 1894 2975 in
1935 2934 2124 2976 editione
2158 2935 2219 2974 sua
2261 2933 2437 2979 exhibuit

1411 2990 1672 3034 Broukhufius.
1699 2986 1786 3028 vide
1815 2988 1918 3038 supra
1950 2987 2012 3032 ad,
2030 2987 2091 3038 El.
2119 2987 2208 3025 VII.
2231 2996 2264 3023 1.
2291 2984 2356 3024 ubi
2380 2984 2432 3023 de

1411 3042 1621 3084 Thebaicis‘
1638 3040 1906 3088 Pontici‚quae
1930 3039 2003 3077 hoc
2023 3038 2131 3078 etiam
2154 3035 2240 3073 loco
2264 3034 2432 3075 indican-

1361 3132 1365 3135 ,
1412 3094 1621 3145 ωῐ«,,εᾶυω
1641 3091 1705 3133 est.
1725 3090 1761 3131 ἀ
1779 3090 1871 3130 adde
1893 3089 1940 3134 de
1957 3091 2003 3136 iie
2021 3086 2188 3130 Broukh.
2211 3085 2256 3125 ad
2274 3086 2362 3129 Lib.
2374 3087 2428 3124 Π.

2365 3129 2439 3184 Eu
